3117 4925
1543 341 1631 405 30

527 545 718 612 modo
774 546 934 629 legis
979 547 1021 612 J
1025 546 1220 612 uliae:
1291 546 1520 629 quibus
1576 544 1655 611 de
1708 544 1897 611 rebus
1951 541 2111 607 nihil
2150 540 2425 623 scriptor
2468 561 2639 605 eom-

527 656 858 715 memorat.

703 750 1004 816 Nondum
1051 751 1402 817 extinctum
1445 758 1587 815 erat
1630 751 1867 815 bellum
1912 749 2205 814 Italicum
2242 746 2499 827 iamque
2541 745 2637 811 in-

526 872 720 938 super
774 854 1097 919 Asiaticus
1159 853 1360 919 hostis
1421 852 1859 937 impendebat3
1926 872 2071 917 cum
2133 869 2369 915 novum
2428 848 2639 915 subito

528 955 900 1021 intestinum
969 963 1253 1022 coortum
1327 962 1424 1021 est
1494 954 1888 1037 incendium,
1970 954 2037 1018 in
2100 972 2225 1035 quo
2288 951 2647 1037 compluria·

521 1057 854 1123 Cornificii
915 1059 1210 1143 exempla
1271 1064 1625 1123 versantur.
1715 1057 1784 1121 P.
1832 1056 2001 1122 enim
2058 1055 2383 1140 Sulpicius
2436 1055 2639 1120 Rufus

525 1159 820 1225 tribunus
866 1161 1088 1245 plebis,
1135 1161 1245 1242 qui
1279 1160 1351 1226 L.
1391 1159 1577 1225 Sulla
1610 1160 1701 1249 Q,
1724 1160 2031 1243 Pompeio
2064 1158 2231 1223 Rufo
2268 1158 2636 1223 consulibus

527 1263 712 1328 novis
756 1263 944 1329 rebus
989 1263 1304 1346 studebat,
1361 1283 1555 1345 qnam
1599 1263 1667 1327 in
1712 1260 2223 1329 administranda
2266 1282 2333 1327 re
2378 1259 2637 1344 publiea

527 1364 839 1429 rationem
875 1371 1132 1433 secutus
1168 1366 1270 1448 sit,
1316 1366 1577 1432 omnino
1612 1386 1740 1431 non
1780 1364 2350 1449 comprehenderis,
2398 1364 2456 1429 si
2490 1382 2637 1428 eum

527 1466 721 1531 simul
765 1487 910 1532 eum
955 1469 1026 1533 L.
1073 1468 1322 1535 Licinio
1369 1470 1603 1535 Crasso
1648 1468 1725 1546 Q.
1772 1469 1983 1534 Mucio
2028 1466 2344 1533 Scaevola
2380 1466 2637 1548 Augure

527 1568 612 1633 M.
652 1570 932 1635 Antonio
977 1572 1046 1636 G.
1085 1571 1346 1637 Aurelio
1381 1572 1575 1637 Cotta
1609 1572 1693 1637 M.
1732 1571 1903 1636 Livii
1947 1570 2189 1635 socium
2234 1568 2432 1635 fuisse
2476 1565 2635 1632 obli-

523 1678 632 1737 tus
667 1672 777 1737 sis.
851 1672 1048 1739 Cuius
1083 1680 1153 1737 ut
1189 1673 1462 1739 consilia
1507 1674 1867 1745 miserrima
1916 1679 2119 1737 morte
2162 1672 2535 1755 intercepta,
2580 1669 2637 1735 si

528 1782 764 1859 posset,
809 1783 1242 1859 exequeretur,
1297 1776 1446 1842 inde
1491 1777 1577 1843 ab
1620 1776 1805 1841 initio
1850 1796 1977 1840 non
2020 1774 2211 1841 modo
2254 1774 2633 1855 tribunatuS,

525 1876 646 1943 sed
688 1878 884 1943 totius
927 1879 1102 1943 vitae
1145 1878 1418 1945 forensis
1453 1880 1669 1945 animo
1707 1884 2145 1962 proposuerat.
2219 1879 2443 1958 Itaque
2478 1874 2635 1939 adu-

529 1979 915 2045 lescentulus
961 1981 1028 2045 O.
1077 1980 1366 2045 Norbani
1418 1981 1829 2046 accusatione
1882 1989 2143 2046 senatus
2194 1987 2261 2045 et
2321 1979 2632 2058 tribunus,

519 2100 672 2144 eum
719 2082 790 2146 C.
836 2081 1002 2145 Iulio
1048 2082 1314 2147 Caesari
1369 2082 1673 2148 Straboni
1723 2089 1870 2147 ante
1922 2090 2173 2167 tempus
2235 2081 2635 2147 consulatum

527 2183 770 2267 petenti
814 2184 1120 2249 acerrime
1165 2185 1510 2268 resisteret,
1576 2186 1789 2269 legum
1842 2185 2285 2251 anctoritatem
2330 2183 2631 2249 defendit.

518 2284 660 2351 Sed
727 2306 868 2351 cum
930 2287 1185 2352 Livium
1255 2288 1567 2369 equestris
1640 2288 2041 2372 potissimum
2104 2287 2347 2365 ordinis
2408 2286 2637 2371 opibus

523 2408 905 2475 oppressum
921 2388 1208 2470 vidisset,
1237 2390 1512 2476 primum
1537 2391 1822 2455 omnium
1849 2391 2020 2455 hunc
2048 2389 2135 2455 ad
2162 2410 2423 2455 causam
2452 2409 2637 2453 suam

518 2491 827 2558 studebat
869 2493 1244 2578 perducere3
1291 2495 1667 2579 praesertim
1712 2515 1856 2560 eum
1902 2495 2151 2579 perlata
2196 2494 2339 2576 lege
2376 2491 2633 2558 Plautia

527 2595 865 2661 iudiciaria
900 2618 1028 2662 non
1063 2597 1193 2662 iam
1230 2604 1418 2679 esset,
1459 2597 1633 2680 quod
1668 2618 1821 2662 cum
1848 2597 2171 2679 equitibus
2205 2596 2274 2661 in
2310 2601 2632 2660 certamen

525 2699 789 2764 veniret.
860 2699 1088 2781 Itaque
1133 2719 1276 2764 cum
1321 2699 1610 2765 tribunus
1654 2699 1917 2781 quidam
1954 2706 2260 2782 rogasset,
2308 2705 2377 2764 ut
2410 2697 2629 2764 exules

525 2801 758 2882 quibus
803 2820 1063 2866 causam
1111 2800 1326 2867 dicere
1371 2822 1498 2867 non
1543 2802 1849 2883 licuisset,
1896 2808 2364 2882 revocarentur,
2412 2819 2633 2882 quam-

515 2923 720 2985 quam
755 2903 838 2968 de
873 2903 1066 2969 sociis
1101 2904 1514 2970 Livianorum
1558 2905 1968 2970 consiliorum
2014 2904 2347 2988 agebatur,
2394 2909 2628 2982 tamen,

525 3025 608 3069 ne
667 3005 977 3088 equitum,
1043 3006 1271 3088 quibus
1332 3006 1652 3073 iudicibus
1708 3029 1790 3073 ex
1842 3008 1985 3091 lege
2032 3007 2227 3072 Varia
2280 3027 2317 3070 e
2376 3003 2635 3070 civitate

515 3107 714 3172 eiecti
775 3115 982 3191 erant,
1064 3110 1352 3176 rescissis
1412 3107 1671 3174 iudiciis
1731 3110 1981 3176 animos
2042 3110 2345 3192 irritaret,
2428 3107 2633 3192 primo

527 3208 887 3276 intercessit
915 3211 1176 3294 (Cernis.
1215 3213 1296 3295 II,
1335 3212 1438 3295 28,
1476 3211 1607 3294 45).
1679 3212 1847 3278 Nam
1882 3212 2045 3278 illud
2080 3210 2337 3294 quidem
2376 3209 2633 3275 omnino

533 3312 904 3396 negaverim
949 3316 1168 3381 exules
1211 3316 1542 3398 rogatione
1586 3313 1790 3382 dictos
1834 3335 1975 3380 esse
2018 3335 2147 3392 eos,
2194 3314 2304 3397 qui
2348 3333 2517 3378 anno
2550 3295 2639 3404 9Ξὲ

523 3417 938 3482 commutatis
975 3417 1210 3483 civium
1247 3417 1480 3484 animis
1515 3438 1597 3483 ex
1630 3418 1775 3502 ipsa
1810 3417 2067 3500 quidem
2112 3418 2255 3501 lege
2290 3417 2485 3482 Varia
2522 3417 2637 3484 sed

520 3528 754 3586 contra
796 3520 934 3586 eius
979 3520 1361 3586 sententiam
1398 3521 1919 3602 voluntatemque
1956 3541 1993 3586 e
2026 3519 2307 3586 factione
2352 3520 2635 3604 equitum

531 3621 835 3704 Variique
897 3623 966 3688 in
1018 3621 1280 3689 exilium
1333 3623 1514 3689 missi
1568 3630 1731 3690 sunt.
1758 3621 1809 3705 ¹)
1896 3623 2080 3690 Unde
2122 3623 2294 3688 enim
2338 3624 2635 3690 audimus

521 3743 792 3789 causam
835 3724 917 3790 iis
959 3743 1086 3790 non
1131 3725 1390 3793 licuisse
1434 3725 1692 3792 dicere?
1736 3725 1905 3792 unde
1947 3727 2015 3791 vi
2058 3726 2339 3792 eiectos?
2421 3727 2633 3806 Quid?

521 3845 678 3892 -eum
726 3829 868 3910 lege
901 3828 1160 3894 Plautia
1203 3828 1506 3914 adempta
1549 3837 1763 3896 essent
1804 3830 2027 3914 aliqua
2060 3851 2143 3896 ex
2176 3837 2359 3913 parte
2393 3830 2635 3897 iudicia

515 3928 877 4012 equitibus,
941 3951 1094 3996 num
1137 3932 1496 3998 turbulente
1540 3932 1912 4016 quicquam,
1976 3953 2130 4000 num
2182 3931 2512 4018 seditiose,
2566 3936 2635 4001 vi

700 4083 742 4150 ¹)
780 4082 816 4138 1.
853 4082 1118 4151 Langium
1152 4083 1186 4136 l.
1224 4099 1268 4138 c.
1303 4083 1396 4148 111,
1435 4085 1550 4140 120.
