3117 4925
1471 347 1513 411 6

434 549 615 634 genti
638 549 1075 634 amplorum
1102 549 1554 635 elaboratione,
1592 552 1832 637 quippe
1867 570 2033 633 quae
2059 550 2198 636 ipse
2221 550 2536 616 invenerit

436 651 833 734 fluxeritque,
846 649 893 735 ¹)
930 650 1291 719 retardatum
1327 653 1429 736 sit,
1464 653 1810 737 quominus
1845 672 2050 735 aeque
2073 657 2320 717 mature
2343 671 2533 733 quar-

432 759 571 824 tum
614 758 807 838 atque
852 753 1123 824 relicuos
1168 754 1363 823 libros
1408 755 1773 824 conficeret:
1819 760 2034 820 tamen
2077 754 2237 820 haec
2281 774 2410 821 non
2455 773 2534 819 ea

430 862 643 939 etant,
704 874 872 938 quae
934 857 1181 940 aliquot
1241 877 1553 924 annorum
1615 877 1860 926 moram
1913 854 2303 924 conficiendo
2357 857 2535 939 operi

436 956 758 1038 afferrent3
819 957 881 1024 si
942 958 1199 1040 quidem
1258 959 1398 1044 ipse
1450 959 1722 1046 scriptor
1775 979 1919 1024 cum
1969 977 2220 1042 semper
2277 956 2535 1024 festinet

432 1065 857 1142 maturetque,
921 1074 1030 1135 „ut
1084 1066 1233 1126 artie
1273 1066 1618 1150 praeceptio
1677 1085 1861 1148 quam
1913 1063 2185 1150 primum
2227 1059 2534 1126 Herennio

416 1164 857 1249 persolvatur-‘2
915 1169 1057 1230 -tum
1110 1163 1292 1231 initio
1350 1164 1521 1232 tertii
1574 1163 1722 1230 libri
1774 1169 2068 1246 quartum
2121 1182 2261 1246 sese
2303 1162 2534 1228 librum

431 1263 721 1329 celeriter
778 1264 1148 1331 absolutum
1208 1264 1550 1332 missurum
1611 1266 1778 1331 ultro
1839 1264 2152 1350 promittit
2211 1285 2290 1332 ac
2345 1263 2529 1349 polli-

425 1369 605 1430 cetur
647 1364 786 1448 (ΙΙΙ,
829 1369 883 1449 1,
927 1367 993 1448 1;
1039 1367 1090 1449 I,
1133 1368 1189 1450 1,
1232 1371 1297 1449 1;
1350 1369 1447 1452 17,
1485 1369 1597 1450 27;
1643 1368 1727 1452 Π,
1769 1369 1825 1450 1,
1867 1365 1948 1451 1).

595 1467 935 1532 Antestant
998 1473 1210 1533 autem
1272 1468 1501 1533 mirum
1565 1475 1872 1550 quantum
1923 1467 2265 1536 Rhetorica
2310 1466 2528 1534 Corni-

424 1567 659 1634 fieiana
703 1565 1137 1634 Ciceronianis
1150 1619 1165 1650 ,
1231 1567 1301 1633 id
1360 1567 1533 1651 quod
1591 1568 1836 1654 primus
1896 1567 2146 1634 Puchta
2193 1567 2530 1650 intellexit,

424 1667 645 1734 indicii
699 1669 1154 1754 perspicuitate
1209 1669 1602 1753 sinceritate,
1667 1669 2019 1735 subtilitate
2062 1669 2391 1751 acumine,
2457 1675 2530 1734 ut

428 1772 802 1858 scriptorem
846 1772 1152 1838 Cicerone
1214 1771 1414 1838 multo
1475 1779 1547 1838 ut
1606 1771 1846 1837 iudicio
1907 1772 2000 1837 ita
2063 1778 2274 1838 aetate
2323 1771 2528 1837 fuisse

424 1872 832 1939 maturiorem
876 1880 1373 1940 consentaneum
1418 1873 1520 1939 sit.
1592 1873 1716 1938 Cui
1761 1874 1854 1939 rei
1898 1874 2346 1939 convenienter
2387 1874 2528 1958 ipse

416 1973 581 2040 dicit
614 1980 899 2062 „myctiis
920 1979 1337 2063 fmdimbue
1361 1981 1714 2065 impeditwn
1739 1980 1840 2041 vix
1865 1981 2010 2042 satis
2037 2001 2094 2042 se
2119 1980 2304 2041 otiwm
2334 1979 2530 2040 θὺιιῶόο

421 2080 807 2164 meditare
840 2102 1017 2165 posse
1060 2091 1117 2144 et
1158 2083 1319 2166 qaod
1362 2083 1535 2144 detur
1579 2082 1701 2153 otii,
1747 2081 2016 2144 libentiae
2049 2082 2114 2142 in
2148 2079 2528 2164 philosophia

422 2201 721 2244 comae-ese
770 2187 1175 2254 memere“‚
1246 2199 1438 2262 quam
1490 2180 1559 2246 in
1612 2185 1750 2246 arte
1793 2178 2109 2246 rhetorica
2149 2178 2529 2262 exponenda

427 2278 501 2362 (I,
542 2281 599 2362 1,
634 2279 721 2363 1).
774 2280 1043 2346 Accedit
1076 2281 1320 2364 eodem,
1358 2280 1531 2363 quod
1566 2301 1648 2347 ea
1682 2281 1848 2347 inter
1863 2279 2270 2346 Cornificium
2285 2281 2524 2346 Heren-

422 2381 727 2466 uimque
754 2383 1090 2450 intercedit
1124 2382 1546 2467 necessitudo,
1584 2389 1655 2448 ut
1693 2381 1799 2448 hic
1825 2389 2100 2467 cognato
2129 2381 2260 2466 (IV.
2281 2381 2385 2465 56,
2413 2379 2526 2462 69)

418 2483 652 2551 »eadem
686 2486 951 2567 ratione,
990 2505 1117 2569 qua
1152 2486 1375 2554 Cicero
1405 2486 1738 2553 Scaevolis
1755 2484 1804 2569 ²)
1837 2485 2114 2567 aliisque
2145 2505 2286 2551 sese
2321 2484 2526 2571 appli-

428 2605 637 2669 casse,
699 2587 809 2654 ille
867 2588 1355 2655 adulescentulo
1412 2587 1501 2653 ad
1565 2587 1924 2654 docendum
1979 2586 2527 2668 exercendumque

427 2706 569 2757 sose
600 2687 855 2757 dedisse
888 2688 1184 2755 videatur
1219 2689 1291 2773 (I,
1333 2690 1391 2771 1,
1432 2693 1497 2771 13
1538 2690 1640 2771 17,
1679 2691 1790 2770 273
1828 2688 1910 2770 ΙΙ,
1948 2690 2052 2771 31,
2077 2688 2190 2771 50;
2229 2686 2340 2770 ΙΙΙ,
2377 2690 2432 2768 l,
2457 2690 2522 2751 1:

426 2808 597 2857 nunc
638 2795 711 2855 tu
750 2790 857 2857 fac
900 2784 1224 2857 attentum
1252 2798 1317 2859 te
1359 2791 1690 2875 praebente,
1737 2792 1839 2873 24,
1875 2792 1987 2871 4ος
2031 2790 2139 2871 IV,
2176 2790 2280 2871 56,
2318 2789 2450 2871 69).

596 2891 972 2959 Aeeuratius
1016 2912 1169 2961 vero
1220 2912 1350 2976 qua
1401 2899 1614 2961 aetate
1655 2892 1858 2957 vitam
1895 2892 2104 2974 egerit
2149 2889 2526 2960 Cornificius

418 2991 799 3077 viderimus,
863 2994 921 3060 si
982 2993 1153 3061 unde
1212 2995 1615 3079 potissimum
1673 2994 1970 3079 exempla
2030 3013 2152 3062 sua
2211 2992 2526 3072 sumserit,

420 3094 1059 3163 consideraverimus.
1148 3098 1402 3167 Etenim
1454 3116 1844 3179 quamquam
1880 3116 2104 3161 eorum
2147 3115 2276 3161 non
2317 3114 2528 3181 pauca

426 3216 469 3263 e
506 3195 821 3265 maiorum
870 3200 1177 3266 memoria
1234 3198 1501 3283 delibat,
1565 3206 1779 3265 tamen
1821 3218 1909 3265 ea
1951 3218 2098 3266 rara
2141 3204 2289 3265 sunt
2331 3203 2526 3280 atque

422 3297 723 3383 dispersa
776 3319 982 3383 neque
1036 3320 1167 3367 una
1216 3320 1425 3370 renim
1474 3304 1643 3367 serie
1693 3306 1759 3367 et
1809 3300 2284 3367 eontinuatione
2327 3299 2524 3370 eonti-

427 3406 685 3471 nentur·
746 3408 972 3469 eontra
1032 3402 1100 3469 in
1158 3402 1391 3485 quibus
1450 3422 1552 3469 res
1610 3402 1762 3469 inde
1821 3404 1906 3469 ab
1958 3424 2126 3472 anno
2171 3387 2260 3493 1—3-0,
2301 3407 2525 3485 gestae

426 3511 1017 3588 commemorantur,
1065 3524 1144 3575 ea
1186 3512 1251 3573 et
1284 3525 1427 3573 cum
1463 3505 1717 3574 relicuis
1753 3511 2126 3593 comparata
2159 3506 2348 3589 longe
2380 3504 2522 3589 plu-

428 3604 593 3671 rima
644 3612 793 3671 sunt
830 3613 909 3682 ¹et
960 3606 1135 3673 facta
1186 3608 1722 3694 comprehendunt
1773 3608 2022 3673 ratione
2063 3607 2344 3691 quadam
2387 3625 2520 3674 eer-

431 3712 623 3788 toque
666 3713 1021 3793 temporum
1068 3709 1289 3775 ordine
1333 3710 1499 3780 inter
1540 3730 1610 3777 se
1647 3709 2070 3778 cohaerentia.
2144 3708 2285 3788 Quo
2320 3708 2409 3793 fit,
2453 3715 2524 3774 ut

426 3807 638 3892 ipsum
682 3828 761 3875 ea
802 3810 1043 3877 vidisse
1082 3830 1429 3895 eorumque
1470 3812 1844 3879 memoriam
1887 3812 2218 3897 repetiisse
2263 3812 2346 3879 sit
2388 3812 2525 3877 veri

412 3910 834 3977 simillimum.

603 4134 645 4204 ¹)
683 4134 749 4191 cf.
784 4134 949 4203 praef.
982 4134 1107 4189 libri
1141 4134 1231 4190 lv,
1304 4134 1344 4202 ²)
1380 4134 1489 4190 cio.
1527 4132 1673 4189 Inael.
1715 4134 1759 4198 1,
1799 4133 1844 4190 l.
