3117 4925
1486 324 1575 389 >38

476 529 814 596 Gracchus
858 529 1089 596 dicitur
1125 550 1164 597 a
1202 530 1554 597 CornificiO.
1631 533 1769 598 Mos
1804 532 1972 598 enim
2010 533 2371 599 contionum
2410 532 2511 598 hic
2546 554 2589 598 a

481 632 770 717 patribus
832 633 1156 699 institutus
1212 640 1373 718 erat,
1441 642 1510 700 ut
1565 634 1883 700 advocata
1937 635 2228 700 contione
2282 634 2587 720 iactaque

483 754 598 820 per
649 755 1027 820 praeconem
1080 736 1406 803 audientia
1457 757 1585 803 non
1642 745 1861 803 tamen
1912 738 1999 803 ad
2050 758 2182 803 rem
2225 724 2431 823 ipsam
2477 758 2585 803 ve-

481 836 740 921 niretur,
778 837 902 903 nisi
939 838 1038 905 dis
1075 838 1252 923 prius
1287 839 1576 905 sollemni
1614 826 1985 926 precatione
2012 841 2343 906 invocatis,
2401 839 2601 918 Quod.

482 961 624 1005 cum
679 942 920 1007 faceret
973 942 1327 1026 Gracchus,
1390 941 1791 1027 inopinatum
1844 961 1989 1007 eum
2042 941 2195 1007 dicit
2248 963 2289 1007 a
2343 944 2603 1008 Nasica-

479 1063 877 1129 percussum.-
955 1045 1038 1109 At
1089 1065 1240 1109 vero
1295 1065 1500 1128 neque
1553 1049 1849 1131 praeerat
1914 1044 2184 1109 comitiis
2240 1045 2593 1127 Gracchus,

479 1145 547 1212 id
583 1146 753 1229 quod
789 1146 1100 1213 Iordanus
1138 1147 1202 1229 (1.
1243 1147 1328 1230 c.)
1365 1148 1745 1233 suspicatur,
1782 1146 1897 1213 sed
1933 1147 1987 1212 si
2007 1145 2352 1213 Plutarcho
2388 1146 2585 1213 fidem

477 1247 816 1332 habemus,
873 1270 914 1313 a
960 1269 1086 1333 quo
1133 1250 1390 1317 minime
1435 1250 1728 1317 dissentit
1771 1250 2139 1335 Appianas,
2185 1248 2436 1314 Mucius
2478 1249 2589 1313 tri-

478 1351 704 1435 bunus,
729 1350 780 1435 ¹)
826 1373 1034 1435 neque
1078 1352 1260 1418 initio
1307 1353 1703 1419 comitiorum
1747 1361 1859 1418 aut
1902 1350 2270 1437 imprudens
2318 1358 2589 1417 necatus

487 1458 608 1535 est,
663 1454 779 1519 sed
832 1464 978 1539 post
1029 1456 1421 1521 tribunorum
1465 1456 1982 1521 intercessionem
2035 1454 2381 1537 fugamque
2424 1453 2588 1539 opti-

488 1555 752 1621 matium
799 1557 907 1640 qui
945 1557 1202 1623 comitia
1239 1558 1547 1644 impedire
1582 1565 2071 1643 temptaverant,
2119 1562 2264 1641 post
2302 1556 2591 1622 clausum

488 1678 529 1721 a
583 1659 1022 1726 sacerdotibus
1075 1660 1405 1746 templum,
1487 1667 1717 1747 postea
1792 1659 2063 1743 denique
2118 1678 2310 1742 quam
2364 1658 2595 1723 certior

489 1760 697 1828 factus
741 1762 822 1828 de
866 1768 1124 1829 senatus
1170 1763 1458 1829 consulto
1495 1784 1536 1829 a
1572 1764 1806 1829 Flacco
1845 1772 2137 1829 senatore
2172 1783 2313 1827 cum
2358 1781 2603 1847 appro--

488 1864 902 1949 pinquantem
956 1886 1098 1932 cum
1155 1868 1549 1933 senatoribus
1594 1867 1900 1933 Nasicam
1958 1865 2357 1951 conspicatus
2401 1870 2594 1943 esset,

488 1974 558 2031 ut
601 1968 951 2053 periculum
997 1968 1386 2053 ostenderet,
1435 1968 1736 2053 quoniam
1782 1989 1937 2055 prae
1983 1968 2255 2033 tumultu
2298 1964 2593 2031 exaudiri

485 2089 613 2133 non
643 2076 893 2155 poterat
919 2071 1140 2152 oratio,
1181 2078 1374 2155 caput
1401 2092 1594 2136 manu
1626 2072 1862 2155 tetigit:
1889 2078 2033 2135 tum
2053 2069 2303 2134 demum
2325 2074 2603 2133 mortem.

487 2176 623 2245 erat
660 2169 964 2237 obiturus.
1004 2210 1086 2217 -—
1123 2173 1290 2238 Nam
1327 2173 1449 2238 hoc
1487 2194 1739 2258 quoque
1774 2174 1939 2239 falso
1984 2172 2179 2238 tradit
2215 2170 2607 2237 Cornificius-

383 2328 386 2330 *
486 2275 695 2338 locum
741 2294 782 2338 a
827 2274 1146 2357 Graccho,
1192 2275 1261 2340 in
1305 2296 1430 2359 quo
1478 2276 1875 2361 constiterat,
1922 2295 2051 2341 uon
2094 2274 2383 2341 relictum
2429 2292 2593 2355 esse,

489 2395 632 2441 cum
679 2383 902 2441 contra
944 2376 1109 2442 inter
1152 2376 1313 2443 alios
1359 2397 1579 2444 omnes
1624 2384 1896 2462 constet,
1944 2377 2176 2443 cursim
2221 2396 2367 2441 eum
2410 2373 2605 2439 aufu-

485 2480 658 2564 gisse
701 2480 1180 2567 decurrisseque
1227 2482 1388 2548 clivo
1434 2481 1822 2567 Capitolino,
1890 2480 2039 2546 dum
2082 2479 2399 2564 fragmine
2443 2478 2601 2543 sub—

487 2582 654 2649 sellii
696 2584 858 2650 ictus
903 2584 1235 2650 occideret.

658 2686 778 2753 His
852 2686 1047 2770 igitur
1118 2687 1184 2752 in
1255 2688 1444 2754 rebus
1506 2687 1803 2754 maximis
1864 2687 2385 2772 gravissimisque
2448 2702 2606 2747 eum·

487 2789 824 2856 dissentiat
867 2790 1138 2875 scriptor
1181 2809 1222 2853 a
1266 2790 1510 2871 ceteriS,
1558 2790 1751 2854 miror
1792 2790 2157 2872 Iordanum,
2204 2805 2604 2872 quamquam

487 2892 626 2978 ipse
670 2892 978 2957 nonnulla
1020 2892 1088 2956 in
1132 2891 1337 2958 maius
1382 2892 1605 2958 extolli
1648 2891 1983 2974 concedat,
2050 2891 2331 2974 aliquam
2377 2895 2609 2953 tamen-

488 2994 679 3061 fidem
723 2995 1087 3062 habendam
1123 2995 1460 3063 Cornificio
1495 2996 1797 3064 iudicare.
1872 2995 1995 3074 Qui
2033 3015 2159 3080 quo
2196 2993 2333 3059 iure
2370 2988 2607 3058 Corui--

491 3097 618 3164 ficii
654 3105 717 3164 et
751 3099 1032 3186 Appiani
1068 3100 1160 3164 rei
1197 3099 1629 3184 expositiones
1664 3099 1829 3165 inter
1862 3119 1933 3164 se
1978 3097 2290 3178 conciliet,
2340 3111 2595 3178 quaque

493 3199 738 3267 ratione
810 3201 1092 3289 Appiani
1169 3202 1368 3268 verba
1445 3200 1916 3288 interpretetur,
2006 3206 2075 3266 ut
2152 3197 2608 3264 auctoritatem.

491 3301 829 3370 imminuat
863 3304 1209 3388 Plutarchi,
1245 3305 1384 3390 ipse
1421 3303 1757 3372 diiudices:
1798 3323 1918 3388 ego
1953 3301 2411 3384 historicorum,
2450 3318 2612 3364 cum.

492 3407 690 3472 verba
744 3407 882 3474 sine
933 3409 1065 3474 ullo
1118 3356 1384 3474 artificio
1427 3408 1829 3494 interpreter,
1893 3407 2331 3474 auctoritatem
2376 3400 2608 3470 malim

471 3509 835 3594 ,defendere
872 3517 1092 3578 contra
1127 3531 1332 3594 nugas
1371 3511 1659 3578 oratoris,
1713 3512 1814 3577 De
1842 3511 1973 3576 alia
2002 3510 2185 3576 huius
2214 3507 2333 3574 viri
2363 3507 2607 3573 doctis-

493 3612 638 3680 simi
683 3614 1044 3680 coniectura
1085 3614 1302 3700 paullo
1343 3613 1514 3679 infra
1559 3613 1932 3680 videbimus.

667 3715 910 3794 Quibus
956 3723 1169 3783 autem
1213 3715 1281 3784 in
1324 3717 1512 3783 rebus
1556 3715 1959 3802 pau-cissimis
2004 3736 2147 3782 cum
2182 3714 2411 3782 ceteris
2448 3733 2607 3780 con--

492 3817 664 3902 gruit
715 3817 1112 3905 Cornificius,
1185 3819 1310 3886 hae
1361 3827 1426 3886 et
1487 3819 1732 3884 minimi
1796 3819 2097 3886 momenti
2160 3825 2225 3884 et
2286 3815 2607 3885 eiusmodi.

492 3927 666 4004 sunt,
732 3941 896 4004 quae
949 3920 1177 4006 cuique
1219 3921 1412 3990 facile
1453 3922 1709 4009 penitus
1752 3922 1820 3987 in
1866 3921 2174 3986 memoria
2217 3919 2597 3988 insederint:

667 4057 711 4126 ¹)
759 4072 822 4111 ea
874 4057 1016 4111 enim
1057 4057 1211 4112 'iusta
1260 4057 1488 4114 nominis
1540 4059 1711 4114 forma
1752 4056 1917 4112 fuisse
1960 4055 2169 4113 videtur
2214 4057 2327 4110 eius
2372 4053 2605 4119 tribuni,

501 4157 660 4211 quem
695 4143 919 4196 eundem
952 4144 1273 4198 Mummium
1307 4147 1462 4200 vocat
1493 4145 1791 4216 Appianum,
1826 4144 2118 4200 Minucium
2152 4141 2372 4198 Orosius
2387 4139 2452 4206 V,
2488 4140 2535 4196 8.
