3117 4925
1566 377 1648 441 19

550 589 824 652 Prorsus
860 593 1073 650 autem
1106 583 1457 649 refellenda
1482 589 1582 648 est
1599 581 1880 664 volgaris
1907 580 2234 646 hominum
2263 580 2592 646 doctorum
2603 579 2654 659 1)

550 689 773 774 opinio
820 709 947 770 qua
992 687 1084 751 ita
1128 686 1247 752 hos
1289 686 1463 751 locos
1509 686 2022 769 interpretantur,
2068 690 2138 748 ut
2173 683 2276 748 vel
2311 703 2352 746 a
2387 682 2658 765 singulis

554 792 657 857 vel
702 813 745 856 a
797 791 964 856 binis
1018 789 1272 854 nomine
1328 787 1586 870 collegii
1637 787 1776 852 fieri
1829 787 2083 852 solitam
2137 805 2278 850 esse
2323 790 2547 868 putent
2588 784 2656 848 in

547 893 852 958 contione
900 891 1418 956 nominationem.
1518 889 1648 956 Cur
1699 888 1960 956 tandem
2005 909 2046 952 a
2090 888 2298 954 binis?
2363 907 2477 952 cur
2529 907 2657 952 non

550 995 797 1078 singuli
838 993 1267 1076 sufficiebant,
1315 993 1371 1058 si
1415 993 1672 1058 nomine
1715 992 1972 1075 collegii
2015 991 2190 1056 facta
2243 997 2412 1058 esset
2455 989 2656 1055 nomi—

556 1097 779 1162 natio?
824 1117 939 1161 cur
982 1117 1353 1162 concessum
1398 1101 1553 1177 erat,
1602 1102 1670 1160 ut
1715 1095 1817 1160 vel
1861 1115 1902 1158 a
1945 1093 2226 1176 singulis
2259 1093 2364 1158 vel
2407 1113 2447 1157 a
2492 1092 2658 1157 binis

551 1199 733 1264 fieret
766 1200 1163 1264 nominatio?
1210 1219 1323 1264 cur
1356 1217 1483 1268 non
1518 1198 1701 1263 licuit
1733 1217 1774 1261 a
1811 1197 2099 1281 pluribus
2136 1215 2330 1277 quam
2365 1217 2406 1260 a
2444 1195 2654 1260 binis?

550 1301 735 1366 Nihil
779 1308 877 1367 est
918 1300 1092 1383 quod
1135 1301 1381 1384 possint
1424 1299 1823 1384 respondere.
1905 1302 1988 1367 Et
2031 1319 2177 1364 cum
2222 1319 2468 1365 summo
2515 1317 2656 1362 meo

548 1403 793 1488 gaudio
857 1403 1045 1468 video
1089 1403 1420 1469 Albertum
1464 1403 1716 1470 Gemoll
1737 1405 1786 1483 2)
1847 1405 2040 1486 plane
2094 1403 2320 1468 eadem
2377 1422 2506 1483 qua
2557 1420 2659 1466 me

554 1508 803 1573 ratione
846 1513 910 1572 et
956 1507 1281 1573 Ciceronis
1326 1513 1391 1572 et
1426 1505 1752 1572 Cornificii
1796 1507 1994 1572 verba
2036 1506 2542 1590 interpretatum,
2590 1510 2658 1569 ut

553 1630 684 1674 non
728 1609 1013 1675 dubitem
1054 1616 1257 1675 totam
1310 1610 1447 1674 eius
1500 1610 1884 1675 sententiam
1939 1609 2260 1692 amplecti.
2350 1609 2656 1672 Poterant

555 1711 750 1795 igitur
792 1718 941 1777 ante
984 1711 1371 1776 dictaturam
1408 1711 1628 1775 SuUae
1673 1710 2020 1793 candidati,
2067 1730 2212 1776 cum
2257 1729 2498 1792 augure
2543 1710 2650 1775 de·

552 1822 801 1880 mortuo
864 1815 947 1878 ab
1002 1814 1247 1878 octonis
1302 1813 1802 1894 nominarentur,
1869 1813 1936 1876 in
1991 1811 2286 1878 contione
2339 1813 2660 1878 nominari

555 1915 884 1980 minimum
948 1915 1267 1998 quaterni,
1332 1934 1650 1981 summum
1711 1916 1944 1981 octoni.
2047 1915 2188 1994 Quo
2251 1913 2333 1981 ex*
2394 1936 2655 1982 numero

548 2037 745 2098 ¹quem
781 2017 988 2082 minor
1023 2038 1181 2101 pars
1208 2018 1445 2103 populi,
1484 2019 1786 2102 quoniam
1823 2019 2099 2102 populus
2132 2038 2248 2101 per
2285 2019 2658 2102 religionem

546 2119 915 2185 sacerdotia
979 2120 1286 2185 mandare
1347 2141 1474 2186 non
1536 2127 1814 2204 poterat,
1879 2157 1962 2168 κ·-
2017 2120 2058 2184 i.
2107 2141 2162 2186 e.
2227 2121 2658 2206 septendecim

548 2221 755 2287 tribus
791 2259 874 2268 —
910 2229 1143 2288 vocata
1186 2222 1272 2287 ad
1316 2223 1622 2310 suffragia
1667 2230 1932 2306 crearat,
1979 2224 2035 2288 is
2082 2223 2478 2308 cooptandus
2514 2231 2653 2290 erat

551 2323 621 2387 in
667 2325 1008 2408 collegium
1054 2332 1117 2390 et
1160 2324 1669 2408 inauguranduS,
1692 2325 1744 2404 ³)
1797 2325 1996 2391 veluti
2041 2325 2412 2392 Ciceronem
2475 2345 2656 2392 acce-

549 2426 763 2511 pimus
826 2434 1192 2511 cooptatum
1255 2434 1319 2493 et
1380 2427 1834 2511 inauguratum
1897 2449 2036 2496 esse
2093 2450 2132 2493 a
2190 2427 2264 2506 Q.
2313 2429 2654 2496 Hortensio

554 2530 843 2595 Horta10.
861 2533 912 2613 4)

726 2634 950 2715 Neque
994 2653 1143 2697 vero
1188 2632 1300 2698 Cn.
1348 2633 1668 2699 Domitius
1726 2633 1916 2717 plane
1961 2653 2196 2698 novam
2239 2641 2431 2716 atque
2475 2636 2656 2701 inau-

547 2734 755 2800 ditam
817 2736 896 2800 de
949 2736 1321 2803 sacerdotiis
1378 2737 1584 2820 legem
1637 2736 1808 2820 tulit,
1873 2735 1988 2801 sed
2043 2737 2459 2803 commutavit
2518 2746 2656 2803 tan-

550 2838 877 2903 tummodo
956 2838 1361 2921 aliquatenus
1426 2847 1489 2906 et
1550 2839 1636 2903 ad
1707 2838 2080 2921 religionem
2152 2840 2660 2907 accommodavit

550 2941 759 3025 legem
806 2962 847 3005 a
884 2942 953 3007 C.
996 2941 1243 3006 Licinio
1284 2942 1516 3007 Crasso
1562 2963 1731 3007 anno
1769 2924 1855 2985 ⁶-03'-
1892 2949 2198 3025 rogatam,
2245 2942 2360 3009 sed
2394 2944 2656 3029 auguris

551 3043 628 3107 C.
675 3043 899 3125 Laelii,
948 3044 1059 3124 qui
1101 3051 1253 3109 tunc
1297 3052 1551 3127 praetor
1596 2994 2016 3126 erat‚¹⁴s⁶tudio
2061 3051 2252 3127 atque
2295 3047 2658 3129 eloquentia

544 3146 969 3228 antiquatam.
992 3147 1040 3228 ⁵)
1147 3146 1301 3231 Ipsa
1370 3148 1477 3212 lex
1539 3146 1826 3212 Domitia
1879 3168 1920 3211 a
1974 3148 2044 3211 L.
2102 3146 2284 3212 Sulla
2345 3148 2654 3217 dictatore

544 3247 809 3313 sublata
864 3248 972 3330 (cf.
1010 3270 1072 3333 p.
1111 3248 1219 3331 38)
1276 3249 1521 3331 aliquot
1583 3250 1767 3315 annis
1831 3257 1977 3333 post
2031 3250 2334 3315 Cicerone
2397 3254 2655 3318 consule

550 3349 903 3431 rogationis
940 3348 1253 3415 Serviliae
1289 3351 1588 3433 agrariae
1623 3358 1907 3435 tempore
1929 3353 1979 3435 ⁶)
2015 3373 2058 3418 a
2084 3352 2158 3417 T.
2189 3352 2338 3419 Atio
2365 3353 2652 3421 Labieno

554 3450 826 3516 tribuno·
852 3449 1059 3535 plebis
1104 3452 1396 3517 restituta
1440 3458 1536 3519 est
1581 3459 1840 3520 auctore
1885 3455 2180 3520 Caesare.

725 3759 768 3824 ¹)
807 3758 1130 3824 Mercklinii‚
1168 3760 1267 3814 Die
1305 3760 1623 3828 Coeptation
1659 3760 1751 3814 der
1785 3760 1978 3813 Romer
2011 3778 2063 3829 p.
2105 3761 2203 3813 123
2217 3800 2230 3825 ‚
2284 3761 2650 3831 Marquardtii,

542 3842 703 3898 Rem.
739 3842 972 3899 Alterth.
1010 3844 1061 3897 11
1096 3862 1146 3913 p.
1189 3848 1301 3908 144,
1338 3844 1535 3915 Langii
1569 3846 1606 3902 l.
1643 3862 1686 3901 c.
1723 3846 1796 3909 Π,
1833 3846 1950 3901 501.

722 3926 769 3996 ¹)
806 3928 872 3982 de
908 3934 1075 3998 coopt.
1112 3932 1310 3987 sacerd.
1346 3933 1495 3987 Rom.
1534 3932 1660 3987 diss.
1695 3931 1868 3986 Berol.
1911 3932 2058 3985 1870.

724 4013 769 4083 ⁸)
807 4013 914 4070 Cic.
952 4016 1015 4070 de
1050 4017 1157 4084 leg.
1194 4033 1305 4084 agr.
1342 4017 1411 4081 11,
1448 4020 1494 4081 7,
1535 4019 1613 4073 18.

668 4123 673 4129 ·
724 4099 769 4169 ⁴)
806 4100 916 4156 Cic.
952 4100 1101 4157 Brut.
1142 4104 1187 4167 1,
1228 4103 1273 4159 l.
1345 4101 1391 4170 ιι)
1430 4102 1539 4157 Cic.
1577 4103 1641 4157 dc
1676 4106 1784 4157 nat.
1821 4103 1887 4157 de
1923 4120 1994 4158 or.
2032 4102 2126 4167 111,
2165 4104 2212 4168 2,
2248 4106 2304 4167 55
2345 4104 2426 4169 17,
2462 4105 2544 4158 43.

722 4185 767 4253 ⁸)
807 4185 874 4242 cf.
910 4187 1123 4242 laudem
1156 4187 1295 4257 legis
1331 4188 1600 4244 Domitiae
1635 4188 1778 4257 apud
1805 4188 1914 4245 Cic.
1951 4188 2017 4242 de
2051 4188 2157 4257 leg.
2191 4206 2304 4259 agr.
2339 4188 2410 4253 11,
2447 4192 2493 4253 7,
2533 4190 2614 4244 18.

2173 4292 2236 4348 2*
