3117 4925
1564 395 1647 463 37

721 600 947 675 Tiberi,
993 625 1110 665 non
1153 599 1352 666 vides?
1402 582 1629 693 respicex
1664 604 1973 690 inquam.“
2020 590 2229 664 deinde
2274 623 2425 685 vaya
2467 594 2662 663 multi·

710 706 864 767 ,tudo
908 706 1096 768 subito
1143 707 1347 769 timore
1381 708 1707 793 perterrita
1736 706 1953 793 fuqere
1999 705 2184 790 coepit
2191 726 2212 775 ,·
2272 714 2339 764 at
2378 705 2485 766 iste
2528 696 2663 795 spu·

711 832 893 871 mans
937 830 1009 871 ecc
1053 831 1150 871 ore
1193 810 1398 882 scelus,
1462 810 1746 874 anhelans
1792 833 1863 873 em
1915 807 2142 871 intumo
2186 816 2420 891 pectore
2463 805 2663 868 crude-

713 910 946 973 litatem
1000 922 1339 996 contorquet
1389 912 1696 975 brachium
1740 923 1794 977 et
1836 910 2136 973 dubitanti
2158 904 2454 981 Graccho,
2518 908 2666 995 quid

719 1024 882 1086 esset,
928 1036 1112 1099 neque
1159 1024 1353 1077 tamen
1388 1014 1597 1087 locum,
1643 1016 1706 1078 in
1744 1007 1859 1101 quo
1894 1013 2247 1082 constiterat,
2292 1012 2662 1107 relinquenti,

705 1118 974 1201 percutit
1015 1128 1276 1204 tempus:
1319 1118 1416 1181 ille
1449 1118 1616 1179 nulla
1652 1140 1780 1180 voce
1817 1114 2081 1179 delibans
2114 1116 2357 1177 insitam
2392 1118 2665 1212 virtutem

717 1220 976 1283 concidit
1019 1222 1256 1293 tacitus,·
1318 1223 1424 1282 iste
1468 1222 1586 1283 viri
1614 1218 1959 1305 fortissumi
1998 1220 2337 1281 miserando
2380 1202 2667 1337 sanquine

719 1343 1026 1407 aspersus,
1073 1325 1248 1407 quasi
1275 1321 1526 1408 facinus
1559 1322 2113 1409 praeclarissimum
2142 1318 2400 1405 fecisset,
2446 1320 2665 1385 circum

723 1426 1056 1509 inspectans
1118 1436 1174 1487 et
1240 1426 1427 1488 hilare
1497 1424 1841 1488 sceleratam
1908 1422 2349 1509 9ratulantibus
2418 1421 2667 1487 manum

635 1554 640 1561 ·
714 1528 1027 1613 porriqens
1069 1530 1133 1589 in
1181 1527 1462 1613 templum
1505 1525 1667 1590 Iovis
1712 1527 1955 1590 contulit
1997 1530 2175 1589 sese“.

724 1624 889 1691 Mira
950 1627 1234 1714 profecto
1297 1650 1506 1694 rerum
1566 1628 1825 1711 farrago
1890 1633 1953 1691 et
2017 1646 2182 1708 quae
2234 1647 2437 1713 paene
2492 1627 2663 1692 omni

547 1748 815 1818 numero
852 1728 935 1793 ab
970 1728 1290 1795 historicis
1327 1730 1663 1813 discrepet.
1720 1730 2001 1794 Primum
2038 1728 2211 1793 enim
2248 1728 2419 1810 quod
2438 1728 2657 1817 Corni-

533 1830 736 1896 ficius
756 1828 1135 1914 Gracchum,
1173 1852 1317 1896 cum
1342 1832 1650 1898 fluctuare
1670 1831 1976 1917 populum
1994 1828 2263 1912 videret,
2303 1831 2661 1897 contionem

532 1929 907 1999 ..advocasse
960 1918 1142 2014 dicit,
1208 1955 1350 1999 eam
1394 1933 1646 2001 videtur
1700 1932 2087 2019 significare,
2156 1954 2346 2015 quam
2392 1932 2527 2017 ille,
2592 1940 2662 1999 ut

532 2034 967 2120 Sempronius
1029 2036 1272 2102 Asellio
1295 2036 1344 2117 ¹)
1407 2033 1793 2102 Plutarchus
1814 2038 1862 2119 ²)
1909 2034 2240 2120 Appianus
2259 2034 2308 2118 ³)
2381 2036 2659 2121 tradunt,

553 2138 770 2221 paullo
816 2145 963 2203 ante
1008 2130 1228 2223 ipsam'
1251 2159 1473 2205 necem
1511 2160 1654 2205 cum
1688 2138 1983 2223 proxima
2020 2138 2279 2203 comitia
2315 2138 2661 2204 tribunicia

550 2238 736 2305 irrita
777 2240 952 2305 facta
1007 2247 1244 2323 essent,
1311 2250 1382 2306 ut
1427 2242 1663 2308 civium
1719 2242 1967 2306 animos
2022 2240 2108 2305 ad
2160 2240 2659 2308 misericordiam

536 2342 654 2407 sui
707 2342 1060 2424 induceret,
1125 2350 1266 2408 atra
1325 2352 1500 2411 veste
1563 2343 1824 2409 indutus
1876 2344 1944 2409 in
1998 2344 2201 2408 sorum
2259 2342 2655 2410 convocavit.

553 2444 774 2528 Neque
818 2467 968 2512 vero
1014 2445 1082 2510 in
1126 2444 1239 2510 illa
1284 2446 1577 2512 contione
1626 2442 1879 2513 tribuno
1925 2450 2093 2511 mors
2132 2444 2351 2512 oblata
2386 2453 2499 2532 est,
2546 2448 2661 2514 sed

551 2547 620 2612 in
658 2548 975 2632 Capitolio
1014 2533 1287 2614 comitiis
1324 2549 1590 2615 iteratis.
1610 2551 1667 2631 ⁴)
1740 2547 1928 2613 Solus
1966 2547 2195 2612 Florus
2232 2569 2373 2612 cum
2409 2549 2478 2613 in
2514 2551 2661 2616 aliis

551 2649 742 2714 rebus
787 2657 919 2715 tum
963 2652 1031 2716 in
1077 2673 1151 2717 eo
1196 2673 1238 2716 a
1281 2652 1506 2716 ceteris
1543 2650 1911 2716 auctoribus
1949 2647 2262 2734 dissentit,
2310 2651 2480 2732 quod
2516 2673 2656 2718 cae—

529 2751 697 2816 ·dem
742 2759 957 2817 narrat
1000 2775 1040 2818 a
1084 2753 1222 2819 foro
1285 2755 1571 2841 coepisse
1602 2753 1901 2837 'indeque
1944 2751 2305 2819 Gracchum
2355 2755 2423 2818 in
2467 2755 2659 2840 Capi-

547 2853 774 2920 tolium
827 2856 1185 2940 profugisse
1205 2857 1285 2941 ⁵);
1343 2856 1524 2922 cuius
1579 2857 1798 2922 dubito
1853 2877 1937 2920 an
1994 2856 2171 2921 nulla
2223 2857 2305 2922 sit
2358 2856 2424 2920 in
2483 2861 2659 2924 tan'to

529 2957 832 3023 -omnium
869 2979 1180 3024 consensu
1216 2960 1379 3025 ratio
1424 2959 1739 3024 habenda.
1780 2995 1864 3002 -—
1901 2956 2151 3023 Deinde
2186 2979 2313 3024 non
2349 2981 2385 3025 e
2420 2961 2657 3045 templo

550 3059 720 3124 Iovis
777 3059 1068 3126 evolasse
1123 3061 1427 3125 Nasicam
1471 3099 1556 3106 --
1600 3061 1770 3125 hunc
1824 3060 1995 3126 enim
2041 3047 2196 3125 dicit
2240 3062 2511 3148 scriptor
2552 3100 2656 3148 —,

537 3169 622 3228 ,ut
651 3163 1011 3228 Gracchum
1047 3169 1308 3246 peteret,
1347 3163 1462 3230 sed
1495 3161 1564 3228 in
1602 3163 1989 3250 Capitolium
2028 3163 2329 3246 evasisse,
2367 3171 2657 3233 senatum

548 3266 617 3330 in
663 3265 823 3331 aede
859 3265 1044 3330 Fidei
1087 3263 1378 3331 habitum
1423 3287 1564 3332 esse
1601 3266 1963 3332 accuratius
2003 3267 2285 3332 scribunt
2320 3269 2655 3354 Appianas

550 3374 615 3433 et
637 3368 931 3432 Valerius
959 3368 1293 3434 Maximus.
1315 3368 1366 3452 6)
1419 3367 1727 3434 Nasicam
1765 3375 1977 3434 autem
2018 3390 2099 3434 ex
2126 3371 2448 3455 superiore
2475 3378 2656 3458 parte

543 3469 852 3555 Capitolii
899 3471 1161 3539 summis
1205 3470 1511 3556 gradibus
1548 3471 1945 3537 insistentem
1980 3472 2301 3537 hortatum
2337 3493 2495 3554 esse,
2545 3475 2655 3556 qui

526 3572 796 3640 ,salvam
838 3573 1076 3639 vellent
1119 3595 1253 3638 rem
1297 3575 1651 3658 publicam,
1712 3595 1780 3640 se
1824 3581 2262 3659 sequerentur,
2292 3569 2517 3658 'magis
2562 3577 2654 3641 rei

525 3676 1039 3760 exaggerandae
1085 3697 1281 3742 causa
1326 3697 1521 3762 quam
1556 3677 1846 3744 veritatis
1883 3675 2042 3742 mihi
2078 3677 2216 3765 ipse
2251 3669 2651 3763 excogitasse

540 3774 798 3842 videtur
839 3777 1139 3844 Velleius,
1162 3779 1208 3863 ⁷)
1255 3817 1339 3824 —
1381 3781 1545 3849 Tum
1592 3780 1773 3846 initio
1827 3779 2139 3846 contionis
2192 3784 2457 3846 necatus
2511 3801 2651 3848 esse

719 3945 1044 4015 1)(ῗτιε11.Π,
1083 3948 1163 4002 13.
1221 3946 1282 4016 ²)
1321 3949 1399 4004 Ti.
1437 3950 1528 4008 Gr.
1566 3951 1649 4004 16.
1720 3949 1764 4018 ⁸)
1802 3951 1855 4003 b.
1890 3950 1987 4002 civ
2023 3949 2067 4014 Ι,
2105 3949 2185 4004 14.

716 4031 762 4102 ⁴)
801 4032 913 4086 Liv.
931 4049 1043 4102 per.
1063 4032 1260 4097 LVIII;
1289 4034 1404 4088 Val.
1423 4037 1563 4092 Max.
1581 4036 1624 4101 Ι,
1643 4039 1694 4101 4,
1714 4037 1772 4098 2;
1801 4035 1937 4088 Vell.
1957 4034 2075 4089 Pat.
2096 4035 2167 4102 ΙΙ,
2186 4037 2232 4100 3,
2256 4035 2310 4098 13
2338 4034 2486 4090 Οτοε.
2508 3993 2569 4098 V,
2588 4036 2650 4097 9;

528 4110 1313 4183 ..Aure1.vict.LX1v3P1ut
1349 4119 1387 4175 1
1425 4137 1491 4184 c;
1531 4123 1671 4192 App.
1704 4121 1743 4174 1.
1780 4137 1823 4176 c.

715 4203 761 4273 ⁵)
798 4203 891 4266 ΙΙΙ,
928 4207 1009 4272 14,
1046 4205 1094 4261 6.
1165 4206 1210 4276 ⁶)
1247 4203 1340 4270 111,
1377 4205 1426 4271 2,
1467 4205 1546 4263 17.
1621 4207 1663 4276 ⁷)
1700 4205 1770 4271 11,
1805 4207 1857 4272 3,
1897 4208 1940 4260 l.
