3117 4925
1505 350 1589 413 18

497 554 832 637 scimus21)
898 554 1013 620 sed
1067 555 1135 619 in
1189 555 1326 621 eius
1381 554 1815 621 nominatione
1870 572 2021 617 num
2065 553 2195 619 tale
2238 555 2395 636 quid
2438 558 2607 623 acci-

495 657 686 739 derit,
733 657 1050 723 nescimus
1095 664 1288 739 atque
1332 658 1556 740 etiam,
1612 678 1785 739 cum,
1850 657 1907 721 si
1950 657 2017 722 id
2062 658 2129 723 in
2172 658 2360 723 Marii
2403 661 2605 725 nomi—

493 760 754 825 natione
789 760 1148 839 accidisset,
1197 760 1547 825 certissime
1584 760 1653 825 id
1689 760 2035 825 memoriae
2071 760 2377 825 traditum
2415 770 2603 842 esset,

493 862 684 927 valde
747 862 1130 927 dubitamus.
1223 860 1410 939 Quod
1471 882 1645 943 cum,
1710 881 1835 943 quo
1890 882 2059 927 anno
2125 883 2225 927 res
2278 863 2623 945 acciderit,¹

493 984 720 1050 parum
767 966 1024 1046 liqueat,
1072 964 1192 1029 hoc
1237 964 1534 1045 equidem
1578 964 1719 1029 loco
1765 985 1977 1047 pauca
2013 964 2093 1029 de
2132 967 2427 1049 exemplo
2464 967 2603 1050 ipso

493 1068 822 1154 disputare
866 1066 1144 1147 institui,
1192 1067 1569 1149 praesertim
1612 1086 1759 1131 cum
1804 1066 1957 1132 inde
2002 1067 2081 1131 de
2126 1067 2399 1149 singulis
2444 1068 2601 1133 dua-

493 1191 632 1235 rum
675 1170 892 1253 legum
937 1169 1256 1252 capitibus
1299 1170 1609 1233 nonnulla
1652 1176 2143 1252 cognoscantur.

663 1273 872 1354 Atque
925 1272 1067 1355 lege
1119 1271 1374 1353 quidem
1426 1272 1708 1337 Domitia
1764 1292 2135 1337 concessum
2190 1278 2289 1337 est
2343 1274 2601 1357 populo,

492 1380 564 1439 ut
603 1394 849 1456 eorum,
913 1393 1074 1455 quos
1117 1391 1392 1456 augures
1438 1374 1905 1453 nominassent,
1974 1394 2167 1439 unum
2214 1373 2283 1437 in
2326 1374 2605 1440 comitiis

496 1475 898 1541 sacerdotum
961 1475 1392 1559 septendecim
1453 1476 1655 1541 tribus
1718 1474 2033 1557 crearent,
2116 1476 2224 1558 qui
2284 1476 2351 1540 in
2415 1478 2607 1542 colle-

491 1578 668 1661 gium
751 1583 1152 1660 cooptaretur
1228 1578 1860 1660 inaugurareturque.
1966 1578 2354 1644 Petebantur
2432 1580 2600 1645 enim

491 1680 854 1747 sacerdotia
941 1700 1270 1761 nunquam
1355 1679 1530 1764 apud
1608 1679 1941 1764 populum,
2030 1679 2146 1745 sed
2224 1682 2396 1766 apud
2470 1682 2596 1745 sin-

491 1784 677 1867 gulos
731 1784 1122 1865 sacerdotes,
1145 1784 1196 1862 2)
1263 1803 1531 1864 quorum
1588 1803 1777 1863 quem
1848 1783 2117 1865 quisque
2181 1784 2441 1849 haberet
2500 1783 2592 1848 di-

489 1886 870 1969 gnissimum
914 1908 1060 1953 eum
1105 1886 1378 1969 primum
1423 1886 1669 1950 iuratus
1714 1886 1781 1949 in
1826 1885 2099 1969 collegio
2144 1886 2521 1951 nominavit.
2542 1885 2595 1968 ³)

492 1990 601 2055 Sic
647 1997 715 2053 ut
760 1989 908 2053 inde
953 1990 1036 2053 ab
1080 1988 1264 2054 initio
1310 2009 1482 2054 more
1519 1989 1830 2053 maiorum
1867 1988 2224 2053 institutum
2262 1996 2416 2070 erat,
2466 1989 2599 2053 lata

492 2110 748 2172 quoque
793 2091 934 2173 lege
977 2090 1264 2155 Domitia
1309 2090 1506 2155 etiam
1549 2099 1701 2155 tune
1746 2091 1813 2155 in
1858 2110 1977 2154 usu
2033 2089 2365 2169 manebat,
2432 2110 2599 2171 quae

490 2192 560 2283 in
619 2192 1051 2259 nominatione
1103 2193 1266 2259 duas
1319 2214 1420 2258 res
1475 2214 1677 2259 novas
1732 2192 1975 2274 sanxit,
2042 2197 2111 2255 ut
2164 2190 2479 2255 nominati
2532 2192 2599 2255 in

490 2295 762 2379 collegio
805 2296 1280 2361 nominarentur
1334 2296 1400 2359 in
1457 2295 1753 2360 contione
1798 2314 1959 2359 neve
2012 2313 2177 2357 unus
2223 2313 2265 2357 a
2310 2294 2601 2375 pluribus

491 2418 686 2480 quam
737 2418 779 2462 a
831 2396 1079 2463 (luobus
1140 2397 1603 2463 nominaretur:
1687 2397 1895 2478 illam,
1961 2406 2031 2463 ut
2092 2396 2349 2462 omnino
2416 2396 2605 2482 copia

495 2486 756 2565 daretur
799 2501 1034 2585 populo
1081 2500 1361 2584 creandi,
1409 2500 1595 2582 hanc,
1655 2521 1733 2565 ne
1780 2520 1925 2564 cum
1969 2519 2190 2564 omnes
2236 2498 2601 2564 sacerdotes

491 2601 572 2668 de
643 2603 830 2668 unius
900 2603 1386 2670 candidatorum
1461 2602 1777 2686 dignitate
1840 2601 2341 2686 conspirassent,
2421 2601 2603 2667 irrita

491 2706 714 2772 fierent
757 2705 979 2789 populi
1024 2706 1350 2788 suffragia.
1425 2705 1534 2768 Sic
1580 2705 1770 2785 enim,
1820 2705 1876 2768 si
1920 2712 2099 2768 tuum
2144 2704 2453 2770 iudicium
2488 2705 2599 2769 ad-

493 2808 802 2888 hibueris,
867 2827 993 2871 non
1047 2807 1412 2889 opinionem
1455 2812 1667 2869 mente
1712 2806 1842 2868 iam
1888 2806 2282 2889 conceperis,
2343 2806 2592 2872 Cicero·

493 2911 757 2974 nianum
802 2907 964 2973 illud
1007 2909 1469 2990 interpreteris:
1490 2908 1545 2988 4)

665 3048 1060 3133 „Auyuratus
1093 3051 1442 3133 petitionem
1483 3049 1634 3110 mihi
1670 3059 1721 3110 te
1764 3048 2103 3110 concessisse
2140 3049 2363 3111 dimisti.
2428 3047 2481 3110 O
2512 3051 2601 3110 in-

667 3151 1000 3214 credibilem
1071 3149 1427 3212 audaciam!
1506 3174 1540 3213 o
1600 3151 2035 3236 impudentiam
2086 3151 2600 3236 praedicandam!

669 3254 802 3334 Quo
839 3257 1000 3318 enim
1047 3265 1304 3340 tempore
1339 3275 1430 3316 me
1465 3274 1751 3338 auyurem
1785 3276 1824 3314 a
1862 3263 1977 3315 toto
2012 3253 2247 3338 colleyio
2282 3255 2603 3339 empetitam

663 3353 768 3418 Gn.
821 3357 1146 3443 Pompeius
1207 3367 1263 3420 et
1324 3355 1396 3435 Q.
1442 3355 1799 3420 Hortensius
1871 3358 2325 3420 nominaverunt
2392 3354 2603 3442 (neque

664 3462 822 3523 enim
893 3461 1101 3523 licebat
1159 3483 1198 3522 a
1261 3459 1538 3545 plmibus
1597 3459 1955 3537 nominari),
2039 3471 2101 3520 tu
2172 3481 2275 3522 nec
2333 3459 2603 3522 solvendo

663 3586 798 3626 eras
842 3586 890 3626 e.
935 3587 992 3649 q.
1039 3569 1127 3626 s.“

596 3682 600 3686 .
667 3700 825 3764 Cum
867 3699 970 3764 his
1031 3699 1242 3764 verbis
1299 3698 1591 3764 conferas
1637 3697 1844 3761 locum
1889 3695 2410 3778 Cornificianum,
2476 3717 2602 3778 quo

491 3800 578 3864 ab
640 3821 766 3866 uno
843 3821 1084 3884 augure
1156 3801 1556 3866 nominatum
1630 3819 1770 3865 esse
1841 3798 2252 3865 candidatum
2314 3807 2603 3886 apparet.

669 4071 714 4140 ι)
752 4072 860 4126 Cic.
899 4089 979 4142 ep.
1016 4074 1083 4127 ad
1119 4073 1269 4128 Brut.
1308 4072 1351 4137 Ι,
1389 4075 1440 4137 5,
1477 4075 1526 4126 3.
1600 4070 1645 4140 ²)
1686 4071 1795 4128 Cic.
1832 4089 1912 4140 ep.
1949 4072 2017 4126 ad
2051 4073 2201 4129 Brut.
2238 4072 2283 4137 Ι,
2322 4073 2367 4126 7.

667 4158 712 4227 ⁰)
753 4157 860 4214 Cic.
899 4159 1048 4213 Brut.
1085 4158 1129 4221 I,
1173 4159 1213 4212 1.
1284 4156 1330 4226 ⁴)
1370 4157 1477 4212 Cic.
1517 4157 1662 4216 Phil.
1700 4157 1773 4224 11,
1810 4158 1857 4220 2,
1891 4160 1939 4213 4.
