<?xml version="1.0" encoding="UTF-8"?>
<!DOCTYPE html PUBLIC "-//W3C//DTD XHTML 1.0 Transitional//EN"
    "http://www.w3.org/TR/xhtml1/DTD/xhtml1-transitional.dtd">
<html xmlns="http://www.w3.org/1999/xhtml" xml:lang="en" lang="en">
 <head>
  <title>
</title>
<meta http-equiv="Content-Type" content="text/html;charset=utf-8" />
  <meta name='ocr-system' content='tesseract 3.04.00' />
  <meta name='ocr-capabilities' content='ocr_page ocr_carea ocr_par ocr_line ocrx_word'/>
</head>
<body>
  <div class='ocr_page' id='page_1' title='image "./decornificiiauc00bochgoog_0032.png"; bbox 0 0 3117 4925; ppageno 0'>
   <div class='ocr_carea' id='block_1_1' title="bbox 1514 380 1600 444">
    <p class='ocr_par' dir='ltr' id='par_1_1' title="bbox 1514 380 1600 444">
     <span class='ocr_line' id='line_1_1' title="bbox 1514 380 1600 444; baseline 0 0"><span class='ocrx_word' id='word_1_1' title='bbox 1514 380 1600 444; x_wconf 79' lang='lat'><strong>29</strong></span> 
     </span>
    </p>
   </div>
   <div class='ocr_carea' id='block_1_2' title="bbox 1350 465 1762 475">
    <p class='ocr_par' dir='ltr' id='par_1_2' title="bbox 1350 465 1762 475">
     <span class='ocr_line' id='line_1_2' title="bbox 1350 465 1762 475; baseline 0 4450"><span class='ocrx_word' id='word_1_2' title='bbox 1350 465 1762 475; x_wconf 95' lang='lat' dir='ltr'><strong> </strong></span> 
     </span>
    </p>
   </div>
   <div class='ocr_carea' id='block_1_3' title="bbox 500 579 2616 4050">
    <p class='ocr_par' dir='ltr' id='par_1_3' title="bbox 500 579 2612 1282">
     <span class='ocr_line' id='line_1_3' title="bbox 505 579 2608 668; baseline -0.002 -18"><span class='ocrx_word' id='word_1_3' title='bbox 505 586 802 652; x_wconf 83' lang='lat' dir='ltr'><strong>Paestum</strong></span> <span class='ocrx_word' id='word_1_4' title='bbox 874 585 1107 668; x_wconf 82' lang='lat' dir='ltr'><strong>dignas</strong></span> <span class='ocrx_word' id='word_1_5' title='bbox 1178 582 1668 666; x_wconf 73' lang='lat' dir='ltr'><strong>existimaverit,</strong></span> <span class='ocrx_word' id='word_1_6' title='bbox 1739 602 1901 664; x_wconf 84' lang='lat' dir='ltr'><strong>quas</strong></span> <span class='ocrx_word' id='word_1_7' title='bbox 1972 600 2120 646; x_wconf 88' lang='lat' dir='ltr'><strong>cum</strong></span> <span class='ocrx_word' id='word_1_8' title='bbox 2180 579 2608 647; x_wconf 85' lang='lat' dir='ltr'><strong>Pinnensibus</strong></span> 
     </span>
     <span class='ocr_line' id='line_1_4' title="bbox 504 681 2606 770; baseline -0.001 -19"><span class='ocrx_word' id='word_1_9' title='bbox 504 687 857 752; x_wconf 79' lang='lat' dir='ltr'><strong>conferret?</strong></span> <span class='ocrx_word' id='word_1_10' title='bbox 920 708 1084 770; x_wconf 90' lang='lat' dir='ltr'><strong>quas</strong></span> <span class='ocrx_word' id='word_1_11' title='bbox 1136 687 1325 752; x_wconf 90' lang='lat' dir='ltr'><strong>urbes</strong></span> <span class='ocrx_word' id='word_1_12' title='bbox 1380 706 1600 752; x_wconf 86' lang='lat' dir='ltr'><strong>omnes</strong></span> <span class='ocrx_word' id='word_1_13' title='bbox 1653 684 1878 751; x_wconf 87' lang='lat' dir='ltr'><strong>eodem</strong></span> <span class='ocrx_word' id='word_1_14' title='bbox 1923 691 2208 768; x_wconf 87' lang='lat' dir='ltr'><strong>tempore</strong></span> <span class='ocrx_word' id='word_1_15' title='bbox 2250 683 2338 748; x_wconf 90' lang='lat' dir='ltr'><strong>ab</strong></span> <span class='ocrx_word' id='word_1_16' title='bbox 2377 681 2606 748; x_wconf 87' lang='lat' dir='ltr'><strong>iisdem</strong></span> 
     </span>
     <span class='ocr_line' id='line_1_5' title="bbox 500 785 2610 873; baseline -0.002 -19"><span class='ocrx_word' id='word_1_17' title='bbox 500 789 793 856; x_wconf 75' lang='lat' dir='ltr'><strong>hostibus</strong></span> <span class='ocrx_word' id='word_1_18' title='bbox 856 809 1000 853; x_wconf 88' lang='lat' dir='ltr'><strong>cum</strong></span> <span class='ocrx_word' id='word_1_19' title='bbox 1062 788 1285 854; x_wconf 86' lang='lat' dir='ltr'><strong>eodem</strong></span> <span class='ocrx_word' id='word_1_20' title='bbox 1348 789 1630 873; x_wconf 89' lang='lat' dir='ltr'><strong>periculo</strong></span> <span class='ocrx_word' id='word_1_21' title='bbox 1695 793 2102 872; x_wconf 84' lang='lat' dir='ltr'><strong>oppugnatas</strong></span> <span class='ocrx_word' id='word_1_22' title='bbox 2161 785 2531 868; x_wconf 74' lang='lat' dir='ltr'><strong>accipimus.</strong></span> <span class='ocrx_word' id='word_1_23' title='bbox 2553 785 2610 862; x_wconf 73' lang='lat'><strong>¹)</strong></span> 
     </span>
     <span class='ocr_line' id='line_1_6' title="bbox 500 887 2608 974; baseline -0.001 -19"><span class='ocrx_word' id='word_1_24' title='bbox 500 892 603 955; x_wconf 82' lang='lat' dir='ltr'><strong>An</strong></span> <span class='ocrx_word' id='word_1_25' title='bbox 656 897 841 956; x_wconf 86' lang='lat' dir='ltr'><strong>tanta</strong></span> <span class='ocrx_word' id='word_1_26' title='bbox 888 890 1205 974; x_wconf 80' lang='lat' dir='ltr'><strong>flagrabat</strong></span> <span class='ocrx_word' id='word_1_27' title='bbox 1258 891 1626 956; x_wconf 70' lang='lat' dir='ltr'><strong>historicam</strong></span> <span class='ocrx_word' id='word_1_28' title='bbox 1679 889 2013 956; x_wconf 83' lang='lat' dir='ltr'><strong>scientiam</strong></span> <span class='ocrx_word' id='word_1_29' title='bbox 2065 887 2428 971; x_wconf 84' lang='lat' dir='ltr'><strong>ostentandi</strong></span> <span class='ocrx_word' id='word_1_30' title='bbox 2498 908 2608 952; x_wconf 85' lang='lat' dir='ltr'><strong>cu-</strong></span> 
     </span>
     <span class='ocr_line' id='line_1_7' title="bbox 503 990 2612 1077; baseline -0.002 -19"><span class='ocrx_word' id='word_1_31' title='bbox 503 992 775 1077; x_wconf 86' lang='lat' dir='ltr'><strong>piditate</strong></span> <span class='ocrx_word' id='word_1_32' title='bbox 852 994 1120 1077; x_wconf 81' lang='lat' dir='ltr'><strong>scriptor</strong></span> <span class='ocrx_word' id='word_1_33' title='bbox 1195 1013 1405 1060; x_wconf 85' lang='lat' dir='ltr'><strong>rernm</strong></span> <span class='ocrx_word' id='word_1_34' title='bbox 1484 993 1574 1058; x_wconf 84' lang='lat' dir='ltr'><strong>ad</strong></span> <span class='ocrx_word' id='word_1_35' title='bbox 1649 993 1858 1077; x_wconf 80' lang='lat' dir='ltr'><strong>ipsam</strong></span> <span class='ocrx_word' id='word_1_36' title='bbox 1937 997 2138 1056; x_wconf 83' lang='lat' dir='ltr'><strong>artem</strong></span> <span class='ocrx_word' id='word_1_37' title='bbox 2223 990 2612 1056; x_wconf 76' lang='lat' dir='ltr'><strong>rhetoricam</strong></span> 
     </span>
     <span class='ocr_line' id='line_1_8' title="bbox 504 1092 2608 1176; baseline -0.001 -18"><span class='ocrx_word' id='word_1_38' title='bbox 504 1094 947 1160; x_wconf 79' lang='lat' dir='ltr'><strong>illustrandam</strong></span> <span class='ocrx_word' id='word_1_39' title='bbox 1010 1095 1328 1161; x_wconf 86' lang='lat' dir='ltr'><strong>inutilium</strong></span> <span class='ocrx_word' id='word_1_40' title='bbox 1384 1095 1923 1160; x_wconf 77' lang='lat' dir='ltr'><strong>incuriosissimus</strong></span> <span class='ocrx_word' id='word_1_41' title='bbox 1977 1101 2168 1176; x_wconf 86' lang='lat' dir='ltr'><strong>atque</strong></span> <span class='ocrx_word' id='word_1_42' title='bbox 2225 1092 2420 1158; x_wconf 87' lang='lat' dir='ltr'><strong>etiam</strong></span> <span class='ocrx_word' id='word_1_43' title='bbox 2473 1113 2608 1156; x_wconf 86' lang='lat' dir='ltr'><strong>ma-</strong></span> 
     </span>
     <span class='ocr_line' id='line_1_9' title="bbox 504 1196 2144 1282; baseline 0.001 -22"><span class='ocrx_word' id='word_1_44' title='bbox 504 1196 674 1262; x_wconf 83' lang='lat' dir='ltr'><strong>xime</strong></span> <span class='ocrx_word' id='word_1_45' title='bbox 718 1196 1098 1281; x_wconf 87' lang='lat' dir='ltr'><strong>despiciens,</strong></span> <span class='ocrx_word' id='word_1_46' title='bbox 1144 1204 1215 1263; x_wconf 91' lang='lat' dir='ltr'><strong>ut</strong></span> <span class='ocrx_word' id='word_1_47' title='bbox 1257 1199 1614 1264; x_wconf 86' lang='lat' dir='ltr'><strong>recentiora</strong></span> <span class='ocrx_word' id='word_1_48' title='bbox 1655 1197 2144 1282; x_wconf 75' lang='lat' dir='ltr'><strong>aspernaretur?</strong></span> 
     </span>
    </p>

    <p class='ocr_par' dir='ltr' id='par_1_4' title="bbox 502 1299 2612 2096">
     <span class='ocr_line' id='line_1_10' title="bbox 674 1299 2604 1384; baseline -0.001 -20"><span class='ocrx_word' id='word_1_49' title='bbox 674 1299 969 1384; x_wconf 78' lang='lat' dir='ltr'><strong>Accedit,</strong></span> <span class='ocrx_word' id='word_1_50' title='bbox 1024 1299 1194 1382; x_wconf 88' lang='lat' dir='ltr'><strong>quod</strong></span> <span class='ocrx_word' id='word_1_51' title='bbox 1237 1301 1460 1366; x_wconf 84' lang='lat' dir='ltr'><strong>Livius</strong></span> <span class='ocrx_word' id='word_1_52' title='bbox 1480 1300 1534 1384; x_wconf 78' lang='lat'><strong>²)</strong></span> <span class='ocrx_word' id='word_1_53' title='bbox 1591 1300 1784 1366; x_wconf 86' lang='lat' dir='ltr'><strong>refert</strong></span> <span class='ocrx_word' id='word_1_54' title='bbox 1833 1299 2042 1384; x_wconf 81' lang='lat' dir='ltr'><strong>ipsam</strong></span> <span class='ocrx_word' id='word_1_55' title='bbox 2085 1299 2318 1364; x_wconf 82' lang='lat' dir='ltr'><strong>Albam</strong></span> <span class='ocrx_word' id='word_1_56' title='bbox 2359 1299 2604 1364; x_wconf 83' lang='lat' dir='ltr'><strong>Fucen-</strong></span> 
     </span>
     <span class='ocr_line' id='line_1_11' title="bbox 504 1401 2608 1487; baseline -0 -21"><span class='ocrx_word' id='word_1_57' title='bbox 504 1403 659 1467; x_wconf 86' lang='lat' dir='ltr'><strong>tiam</strong></span> <span class='ocrx_word' id='word_1_58' title='bbox 704 1401 887 1468; x_wconf 86' lang='lat' dir='ltr'><strong>initio</strong></span> <span class='ocrx_word' id='word_1_59' title='bbox 935 1404 1086 1468; x_wconf 90' lang='lat' dir='ltr'><strong>belli</strong></span> <span class='ocrx_word' id='word_1_60' title='bbox 1130 1403 1213 1468; x_wconf 85' lang='lat' dir='ltr'><strong>ab</strong></span> <span class='ocrx_word' id='word_1_61' title='bbox 1255 1403 1501 1468; x_wconf 82' lang='lat' dir='ltr'><strong>Italicis</strong></span> <span class='ocrx_word' id='word_1_62' title='bbox 1536 1423 1682 1469; x_wconf 89' lang='lat' dir='ltr'><strong>esse</strong></span> <span class='ocrx_word' id='word_1_63' title='bbox 1716 1409 2172 1487; x_wconf 82' lang='lat' dir='ltr'><strong>oppugnatam.</strong></span> <span class='ocrx_word' id='word_1_64' title='bbox 2245 1401 2426 1480; x_wconf 80' lang='lat' dir='ltr'><strong>Quae</strong></span> <span class='ocrx_word' id='word_1_65' title='bbox 2461 1420 2608 1466; x_wconf 87' lang='lat' dir='ltr'><strong>cum</strong></span> 
     </span>
     <span class='ocr_line' id='line_1_12' title="bbox 502 1503 2608 1590; baseline -0 -22"><span class='ocrx_word' id='word_1_66' title='bbox 502 1504 595 1569; x_wconf 86' lang='lat' dir='ltr'><strong>ita</strong></span> <span class='ocrx_word' id='word_1_67' title='bbox 648 1505 777 1570; x_wconf 87' lang='lat' dir='ltr'><strong>sint</strong></span> <span class='ocrx_word' id='word_1_68' title='bbox 790 1556 805 1587; x_wconf 93' lang='lat'><strong>,</strong></span> <span class='ocrx_word' id='word_1_69' title='bbox 868 1525 1127 1590; x_wconf 86' lang='lat' dir='ltr'><strong>prorsus</strong></span> <span class='ocrx_word' id='word_1_70' title='bbox 1180 1526 1307 1570; x_wconf 89' lang='lat' dir='ltr'><strong>non</strong></span> <span class='ocrx_word' id='word_1_71' title='bbox 1362 1505 1612 1587; x_wconf 88' lang='lat' dir='ltr'><strong>dubito,</strong></span> <span class='ocrx_word' id='word_1_72' title='bbox 1677 1505 1832 1587; x_wconf 89' lang='lat' dir='ltr'><strong>quin</strong></span> <span class='ocrx_word' id='word_1_73' title='bbox 1877 1505 1996 1570; x_wconf 89' lang='lat' dir='ltr'><strong>hoc</strong></span> <span class='ocrx_word' id='word_1_74' title='bbox 2037 1504 2415 1570; x_wconf 81' lang='lat' dir='ltr'><strong>Albensium</strong></span> <span class='ocrx_word' id='word_1_75' title='bbox 2457 1503 2608 1568; x_wconf 87' lang='lat' dir='ltr'><strong>fidei</strong></span> 
     </span>
     <span class='ocr_line' id='line_1_13' title="bbox 504 1605 2606 1691; baseline 0 -21"><span class='ocrx_word' id='word_1_76' title='bbox 504 1625 657 1689; x_wconf 83' lang='lat' dir='ltr'><strong>erga</strong></span> <span class='ocrx_word' id='word_1_77' title='bbox 726 1607 1033 1691; x_wconf 88' lang='lat' dir='ltr'><strong>populum</strong></span> <span class='ocrx_word' id='word_1_78' title='bbox 1094 1608 1453 1672; x_wconf 86' lang='lat' dir='ltr'><strong>Romanum</strong></span> <span class='ocrx_word' id='word_1_79' title='bbox 1526 1608 1962 1673; x_wconf 88' lang='lat' dir='ltr'><strong>testimonium</strong></span> <span class='ocrx_word' id='word_1_80' title='bbox 2021 1607 2292 1690; x_wconf 89' lang='lat' dir='ltr'><strong>scriptor</strong></span> <span class='ocrx_word' id='word_1_81' title='bbox 2351 1605 2606 1672; x_wconf 82' lang='lat' dir='ltr'><strong>dixerit.</strong></span> 
     </span>
     <span class='ocr_line' id='line_1_14' title="bbox 505 1707 2610 1794; baseline -0 -22"><span class='ocrx_word' id='word_1_82' title='bbox 505 1707 716 1786; x_wconf 77' lang='lat' dir='ltr'><strong>Quid?</strong></span> <span class='ocrx_word' id='word_1_83' title='bbox 778 1708 975 1791; x_wconf 88' lang='lat' dir='ltr'><strong>quod,</strong></span> <span class='ocrx_word' id='word_1_84' title='bbox 1032 1709 1088 1774; x_wconf 93' lang='lat' dir='ltr'><strong>si</strong></span> <span class='ocrx_word' id='word_1_85' title='bbox 1144 1716 1499 1774; x_wconf 87' lang='lat' dir='ltr'><strong>ceterorum</strong></span> <span class='ocrx_word' id='word_1_86' title='bbox 1554 1710 1992 1794; x_wconf 83' lang='lat' dir='ltr'><strong>exemplorum</strong></span> <span class='ocrx_word' id='word_1_87' title='bbox 2043 1709 2357 1774; x_wconf 88' lang='lat' dir='ltr'><strong>rationem</strong></span> <span class='ocrx_word' id='word_1_88' title='bbox 2401 1707 2610 1772; x_wconf 73' lang='lat' dir='ltr'><strong>consi·</strong></span> 
     </span>
     <span class='ocr_line' id='line_1_15' title="bbox 502 1810 2608 1895; baseline -0.001 -20"><span class='ocrx_word' id='word_1_89' title='bbox 502 1810 745 1876; x_wconf 86' lang='lat' dir='ltr'><strong>deraris</strong></span> <span class='ocrx_word' id='word_1_90' title='bbox 758 1861 773 1892; x_wconf 91' lang='lat'><strong>,</strong></span> <span class='ocrx_word' id='word_1_91' title='bbox 836 1831 918 1876; x_wconf 89' lang='lat' dir='ltr'><strong>ne</strong></span> <span class='ocrx_word' id='word_1_92' title='bbox 978 1810 1241 1876; x_wconf 83' lang='lat' dir='ltr'><strong>finxisse</strong></span> <span class='ocrx_word' id='word_1_93' title='bbox 1294 1811 1553 1892; x_wconf 89' lang='lat' dir='ltr'><strong>quidem</strong></span> <span class='ocrx_word' id='word_1_94' title='bbox 1607 1817 1792 1895; x_wconf 86' lang='lat' dir='ltr'><strong>putes</strong></span> <span class='ocrx_word' id='word_1_95' title='bbox 1846 1811 2218 1894; x_wconf 85' lang='lat' dir='ltr'><strong>scriptorem</strong></span> <span class='ocrx_word' id='word_1_96' title='bbox 2277 1829 2608 1892; x_wconf 87' lang='lat' dir='ltr'><strong>compara-</strong></span> 
     </span>
     <span class='ocr_line' id='line_1_16' title="bbox 502 1911 2612 1993; baseline 0 -19"><span class='ocrx_word' id='word_1_97' title='bbox 502 1911 761 1993; x_wconf 78' lang='lat' dir='ltr'><strong>tionem,</strong></span> <span class='ocrx_word' id='word_1_98' title='bbox 808 1911 923 1977; x_wconf 88' lang='lat' dir='ltr'><strong>sed</strong></span> <span class='ocrx_word' id='word_1_99' title='bbox 967 1932 1034 1976; x_wconf 91' lang='lat' dir='ltr'><strong>re</strong></span> <span class='ocrx_word' id='word_1_100' title='bbox 1075 1931 1232 1976; x_wconf 88' lang='lat' dir='ltr'><strong>vera</strong></span> <span class='ocrx_word' id='word_1_101' title='bbox 1276 1912 1697 1978; x_wconf 87' lang='lat' dir='ltr'><strong>deliberatum</strong></span> <span class='ocrx_word' id='word_1_102' title='bbox 1741 1933 1881 1978; x_wconf 83' lang='lat' dir='ltr'><strong>esse</strong></span> <span class='ocrx_word' id='word_1_103' title='bbox 1926 1912 2008 1977; x_wconf 88' lang='lat' dir='ltr'><strong>de</strong></span> <span class='ocrx_word' id='word_1_104' title='bbox 2049 1911 2200 1978; x_wconf 88' lang='lat' dir='ltr'><strong>fidei</strong></span> <span class='ocrx_word' id='word_1_105' title='bbox 2243 1931 2460 1976; x_wconf 88' lang='lat' dir='ltr'><strong>eorum</strong></span> <span class='ocrx_word' id='word_1_106' title='bbox 2497 1911 2612 1993; x_wconf 87' lang='lat' dir='ltr'><strong>qui</strong></span> 
     </span>
     <span class='ocr_line' id='line_1_17' title="bbox 504 2013 1708 2096; baseline 0.002 -18"><span class='ocrx_word' id='word_1_107' title='bbox 504 2015 571 2078; x_wconf 91' lang='lat' dir='ltr'><strong>in</strong></span> <span class='ocrx_word' id='word_1_108' title='bbox 616 2013 829 2080; x_wconf 88' lang='lat' dir='ltr'><strong>officio</strong></span> <span class='ocrx_word' id='word_1_109' title='bbox 872 2019 1355 2096; x_wconf 86' lang='lat' dir='ltr'><strong>permanserant</strong></span> <span class='ocrx_word' id='word_1_110' title='bbox 1398 2013 1708 2080; x_wconf 88' lang='lat' dir='ltr'><strong>mercede.</strong></span> 
     </span>
    </p>

    <p class='ocr_par' dir='ltr' id='par_1_5' title="bbox 501 2115 2616 4050">
     <span class='ocr_line' id='line_1_18' title="bbox 672 2115 2606 2199; baseline 0.001 -19"><span class='ocrx_word' id='word_1_111' title='bbox 672 2117 767 2180; x_wconf 87' lang='lat' dir='ltr'><strong>Ac</strong></span> <span class='ocrx_word' id='word_1_112' title='bbox 826 2115 1033 2199; x_wconf 89' lang='lat' dir='ltr'><strong>primo</strong></span> <span class='ocrx_word' id='word_1_113' title='bbox 1094 2115 1351 2198; x_wconf 86' lang='lat' dir='ltr'><strong>quidem</strong></span> <span class='ocrx_word' id='word_1_114' title='bbox 1411 2117 1568 2181; x_wconf 89' lang='lat' dir='ltr'><strong>belli</strong></span> <span class='ocrx_word' id='word_1_115' title='bbox 1621 2137 1790 2182; x_wconf 85' lang='lat' dir='ltr'><strong>anno</strong></span> <span class='ocrx_word' id='word_1_116' title='bbox 1845 2116 2092 2182; x_wconf 86' lang='lat' dir='ltr'><strong>fortiter</strong></span> <span class='ocrx_word' id='word_1_117' title='bbox 2143 2117 2458 2199; x_wconf 85' lang='lat' dir='ltr'><strong>utrimque</strong></span> <span class='ocrx_word' id='word_1_118' title='bbox 2511 2117 2606 2182; x_wconf 86' lang='lat' dir='ltr'><strong>in-</strong></span> 
     </span>
     <span class='ocr_line' id='line_1_19' title="bbox 502 2218 2610 2304; baseline 0 -20"><span class='ocrx_word' id='word_1_119' title='bbox 502 2218 992 2301; x_wconf 88' lang='lat' dir='ltr'><strong>festissimisque</strong></span> <span class='ocrx_word' id='word_1_120' title='bbox 1034 2219 1267 2284; x_wconf 89' lang='lat' dir='ltr'><strong>animis</strong></span> <span class='ocrx_word' id='word_1_121' title='bbox 1312 2226 1669 2304; x_wconf 77' lang='lat' dir='ltr'><strong>pugnatum</strong></span> <span class='ocrx_word' id='word_1_122' title='bbox 1713 2226 1828 2285; x_wconf 91' lang='lat' dir='ltr'><strong>est.</strong></span> <span class='ocrx_word' id='word_1_123' title='bbox 1917 2220 2136 2284; x_wconf 87' lang='lat' dir='ltr'><strong>Altero</strong></span> <span class='ocrx_word' id='word_1_124' title='bbox 2181 2226 2394 2285; x_wconf 86' lang='lat' dir='ltr'><strong>autem</strong></span> <span class='ocrx_word' id='word_1_125' title='bbox 2439 2239 2610 2285; x_wconf 87' lang='lat' dir='ltr'><strong>anno</strong></span> 
     </span>
     <span class='ocr_line' id='line_1_20' title="bbox 504 2322 2611 2406; baseline 0.001 -20"><span class='ocrx_word' id='word_1_126' title='bbox 504 2323 744 2387; x_wconf 87' lang='lat' dir='ltr'><strong>Romae</strong></span> <span class='ocrx_word' id='word_1_127' title='bbox 808 2342 952 2398; x_wconf 81' lang='lat' dir='ltr'><strong>cum</strong></span> <span class='ocrx_word' id='word_1_128' title='bbox 1004 2343 1131 2386; x_wconf 88' lang='lat' dir='ltr'><strong>non</strong></span> <span class='ocrx_word' id='word_1_129' title='bbox 1186 2322 1323 2387; x_wconf 87' lang='lat' dir='ltr'><strong>sine</strong></span> <span class='ocrx_word' id='word_1_130' title='bbox 1380 2343 1616 2406; x_wconf 81' lang='lat' dir='ltr'><strong>magno</strong></span> <span class='ocrx_word' id='word_1_131' title='bbox 1673 2323 1952 2387; x_wconf 86' lang='lat' dir='ltr'><strong>nominis</strong></span> <span class='ocrx_word' id='word_1_132' title='bbox 1995 2323 2272 2387; x_wconf 89' lang='lat' dir='ltr'><strong>Romani</strong></span> <span class='ocrx_word' id='word_1_133' title='bbox 2323 2323 2611 2406; x_wconf 67' lang='lat' dir='ltr'><strong>periculo⁴</strong></span> 
     </span>
     <span class='ocr_line' id='line_1_21' title="bbox 506 2423 2608 2507; baseline 0 -18"><span class='ocrx_word' id='word_1_134' title='bbox 506 2424 742 2489; x_wconf 86' lang='lat' dir='ltr'><strong>bellum·</strong></span> <span class='ocrx_word' id='word_1_135' title='bbox 770 2424 911 2507; x_wconf 84' lang='lat' dir='ltr'><strong>geri</strong></span> <span class='ocrx_word' id='word_1_136' title='bbox 938 2444 1083 2489; x_wconf 88' lang='lat' dir='ltr'><strong>cum</strong></span> <span class='ocrx_word' id='word_1_137' title='bbox 1110 2423 1303 2490; x_wconf 90' lang='lat' dir='ltr'><strong>sociis</strong></span> <span class='ocrx_word' id='word_1_138' title='bbox 1330 2425 1724 2491; x_wconf 86' lang='lat' dir='ltr'><strong>intellectum</strong></span> <span class='ocrx_word' id='word_1_139' title='bbox 1750 2431 1923 2491; x_wconf 88' lang='lat' dir='ltr'><strong>esset</strong></span> <span class='ocrx_word' id='word_1_140' title='bbox 1950 2424 2336 2507; x_wconf 88' lang='lat' dir='ltr'><strong>iamiamque</strong></span> <span class='ocrx_word' id='word_1_141' title='bbox 2352 2425 2608 2493; x_wconf 83' lang='lat' dir='ltr'><strong>Etrusci</strong></span> 
     </span>
     <span class='ocr_line' id='line_1_22' title="bbox 505 2527 2614 2610; baseline -0 -17"><span class='ocrx_word' id='word_1_142' title='bbox 505 2546 755 2609; x_wconf 87' lang='lat' dir='ltr'><strong>quoque</strong></span> <span class='ocrx_word' id='word_1_143' title='bbox 808 2527 1157 2610; x_wconf 85' lang='lat' dir='ltr'><strong>Umbrique</strong></span> <span class='ocrx_word' id='word_1_144' title='bbox 1218 2527 1531 2593; x_wconf 87' lang='lat' dir='ltr'><strong>defecturi</strong></span> <span class='ocrx_word' id='word_1_145' title='bbox 1582 2528 1975 2610; x_wconf 80' lang='lat' dir='ltr'><strong>viderentur,</strong></span> <span class='ocrx_word' id='word_1_146' title='bbox 2039 2528 2410 2593; x_wconf 89' lang='lat' dir='ltr'><strong>commutati</strong></span> <span class='ocrx_word' id='word_1_147' title='bbox 2461 2535 2614 2593; x_wconf 88' lang='lat' dir='ltr'><strong>sunt</strong></span> 
     </span>
     <span class='ocr_line' id='line_1_23' title="bbox 506 2630 2616 2713; baseline -0.002 -16"><span class='ocrx_word' id='word_1_148' title='bbox 506 2633 740 2697; x_wconf 88' lang='lat' dir='ltr'><strong>civium</strong></span> <span class='ocrx_word' id='word_1_149' title='bbox 794 2632 864 2697; x_wconf 92' lang='lat' dir='ltr'><strong>in</strong></span> <span class='ocrx_word' id='word_1_150' title='bbox 924 2633 1133 2698; x_wconf 83' lang='lat' dir='ltr'><strong>socios</strong></span> <span class='ocrx_word' id='word_1_151' title='bbox 1186 2632 1405 2697; x_wconf 90' lang='lat' dir='ltr'><strong>animi.</strong></span> <span class='ocrx_word' id='word_1_152' title='bbox 1493 2633 1720 2713; x_wconf 85' lang='lat' dir='ltr'><strong>Itaque</strong></span> <span class='ocrx_word' id='word_1_153' title='bbox 1763 2639 1828 2697; x_wconf 87' lang='lat' dir='ltr'><strong>et</strong></span> <span class='ocrx_word' id='word_1_154' title='bbox 1870 2630 1946 2709; x_wconf 81' lang='lat' dir='ltr'><strong>Q.</strong></span> <span class='ocrx_word' id='word_1_155' title='bbox 1995 2630 2228 2696; x_wconf 90' lang='lat' dir='ltr'><strong>Varius</strong></span> <span class='ocrx_word' id='word_1_156' title='bbox 2289 2649 2406 2696; x_wconf 87' lang='lat' dir='ltr'><strong>sua</strong></span> <span class='ocrx_word' id='word_1_157' title='bbox 2468 2631 2616 2713; x_wconf 86' lang='lat' dir='ltr'><strong>lege</strong></span> 
     </span>
     <span class='ocr_line' id='line_1_24' title="bbox 504 2733 2606 2809; baseline -0.002 -8"><span class='ocrx_word' id='word_1_158' title='bbox 504 2736 846 2801; x_wconf 85' lang='lat' dir='ltr'><strong>damnatus</strong></span> <span class='ocrx_word' id='word_1_159' title='bbox 890 2756 927 2801; x_wconf 91' lang='lat' dir='ltr'><strong>e</strong></span> <span class='ocrx_word' id='word_1_160' title='bbox 970 2735 1231 2801; x_wconf 88' lang='lat' dir='ltr'><strong>civitate</strong></span> <span class='ocrx_word' id='word_1_161' title='bbox 1274 2736 1515 2801; x_wconf 88' lang='lat' dir='ltr'><strong>eiectus</strong></span> <span class='ocrx_word' id='word_1_162' title='bbox 1548 2741 1650 2801; x_wconf 88' lang='lat' dir='ltr'><strong>est</strong></span> <span class='ocrx_word' id='word_1_163' title='bbox 1685 2740 1748 2801; x_wconf 87' lang='lat' dir='ltr'><strong>et</strong></span> <span class='ocrx_word' id='word_1_164' title='bbox 1791 2736 2237 2809; x_wconf 71' lang='lat' dir='ltr'><strong>„deliberatio“‚</strong></span> <span class='ocrx_word' id='word_1_165' title='bbox 2281 2738 2354 2797; x_wconf 89' lang='lat' dir='ltr'><strong>ut</strong></span> <span class='ocrx_word' id='word_1_166' title='bbox 2389 2733 2606 2798; x_wconf 83' lang='lat' dir='ltr'><strong>Corni-</strong></span> 
     </span>
     <span class='ocr_line' id='line_1_25' title="bbox 501 2839 2614 2923; baseline -0.002 -18"><span class='ocrx_word' id='word_1_167' title='bbox 501 2840 633 2905; x_wconf 83' lang='lat' dir='ltr'><strong>ficii</strong></span> <span class='ocrx_word' id='word_1_168' title='bbox 675 2839 819 2923; x_wconf 89' lang='lat' dir='ltr'><strong>(III,</strong></span> <span class='ocrx_word' id='word_1_169' title='bbox 858 2842 917 2923; x_wconf 80' lang='lat'><strong>2,</strong></span> <span class='ocrx_word' id='word_1_170' title='bbox 956 2839 1026 2922; x_wconf 82' lang='grc'><strong>2)</strong></span> <span class='ocrx_word' id='word_1_171' title='bbox 1072 2839 1281 2905; x_wconf 81' lang='lat' dir='ltr'><strong>verbis</strong></span> <span class='ocrx_word' id='word_1_172' title='bbox 1326 2846 1498 2921; x_wconf 84' lang='lat' dir='ltr'><strong>utar,</strong></span> <span class='ocrx_word' id='word_1_173' title='bbox 1563 2844 1670 2913; x_wconf 77' lang='lat' dir='ltr'><strong>„in</strong></span> <span class='ocrx_word' id='word_1_174' title='bbox 1727 2851 1934 2904; x_wconf 78' lang='lat' dir='ltr'><strong>senatu</strong></span> <span class='ocrx_word' id='word_1_175' title='bbox 1976 2840 2206 2912; x_wconf 75' lang='lat' dir='ltr'><strong>habita,</strong></span> <span class='ocrx_word' id='word_1_176' title='bbox 2260 2841 2431 2902; x_wconf 75' lang='lat' dir='ltr'><strong>sociis</strong></span> <span class='ocrx_word' id='word_1_177' title='bbox 2473 2840 2614 2901; x_wconf 74' lang='grc' dir='ltr'><strong>0ἱυί-</strong></span> 
     </span>
     <span class='ocr_line' id='line_1_26' title="bbox 505 2938 2612 3029; baseline -0.001 -23"><span class='ocrx_word' id='word_1_178' title='bbox 505 2956 685 3007; x_wconf 82' lang='lat' dir='ltr'><strong>tatem</strong></span> <span class='ocrx_word' id='word_1_179' title='bbox 744 2946 919 3006; x_wconf 76' lang='lat' dir='ltr'><strong>daret</strong></span> <span class='ocrx_word' id='word_1_180' title='bbox 974 2966 1055 3005; x_wconf 80' lang='lat' dir='ltr'><strong>an</strong></span> <span class='ocrx_word' id='word_1_181' title='bbox 1114 2966 1261 3015; x_wconf 76' lang='lat' dir='ltr'><strong>non,</strong></span> <span class='ocrx_word' id='word_1_182' title='bbox 1315 2955 1568 3029; x_wconf 73' lang='lat' dir='ltr'><strong>propter</strong></span> <span class='ocrx_word' id='word_1_183' title='bbox 1625 2964 1686 3005; x_wconf 76' lang='lat' dir='ltr'><strong>se</strong></span> <span class='ocrx_word' id='word_1_184' title='bbox 1745 2943 2204 3015; x_wconf 66' lang='lat' dir='ltr'><strong>conmdtanda“,</strong></span> <span class='ocrx_word' id='word_1_185' title='bbox 2283 2938 2456 3023; x_wconf 82' lang='lat' dir='ltr'><strong>quod</strong></span> <span class='ocrx_word' id='word_1_186' title='bbox 2507 2958 2612 3004; x_wconf 76' lang='lat' dir='ltr'><strong>res</strong></span> 
     </span>
     <span class='ocr_line' id='line_1_27' title="bbox 506 3042 2614 3128; baseline -0.001 -19"><span class='ocrx_word' id='word_1_187' title='bbox 506 3044 817 3127; x_wconf 83' lang='lat' dir='ltr'><strong>agebatur</strong></span> <span class='ocrx_word' id='word_1_188' title='bbox 876 3043 1261 3125; x_wconf 83' lang='lat' dir='ltr'><strong>gravissima</strong></span> <span class='ocrx_word' id='word_1_189' title='bbox 1312 3050 1375 3108; x_wconf 89' lang='lat' dir='ltr'><strong>et</strong></span> <span class='ocrx_word' id='word_1_190' title='bbox 1431 3063 1596 3125; x_wconf 87' lang='lat' dir='ltr'><strong>quae</strong></span> <span class='ocrx_word' id='word_1_191' title='bbox 1650 3042 1744 3107; x_wconf 92' lang='lat' dir='ltr'><strong>rei</strong></span> <span class='ocrx_word' id='word_1_192' title='bbox 1797 3043 2094 3128; x_wconf 87' lang='lat' dir='ltr'><strong>publicae</strong></span> <span class='ocrx_word' id='word_1_193' title='bbox 2148 3043 2440 3107; x_wconf 86' lang='lat' dir='ltr'><strong>instituta</strong></span> <span class='ocrx_word' id='word_1_194' title='bbox 2482 3061 2614 3107; x_wconf 90' lang='lat' dir='ltr'><strong>non</strong></span> 
     </span>
     <span class='ocr_line' id='line_1_28' title="bbox 504 3144 2612 3234; baseline -0.001 -23"><span class='ocrx_word' id='word_1_195' title='bbox 504 3144 791 3230; x_wconf 84' lang='lat' dir='ltr'><strong>paullum</strong></span> <span class='ocrx_word' id='word_1_196' title='bbox 810 3146 1192 3228; x_wconf 75' lang='lat' dir='ltr'><strong>immutaret,</strong></span> <span class='ocrx_word' id='word_1_197' title='bbox 1230 3159 1517 3234; x_wconf 76' lang='lat' dir='ltr'><strong>„propter</strong></span> <span class='ocrx_word' id='word_1_198' title='bbox 1534 3158 1881 3211; x_wconf 63' lang='lat' dir='ltr'><strong>estraneam</strong></span> <span class='ocrx_word' id='word_1_199' title='bbox 1899 3170 2142 3211; x_wconf 78' lang='lat' dir='ltr'><strong>causam</strong></span> <span class='ocrx_word' id='word_1_200' title='bbox 2159 3148 2612 3217; x_wconf 71' lang='lat' dir='ltr'><strong>consultanda“,</strong></span> 
     </span>
     <span class='ocr_line' id='line_1_29' title="bbox 504 3248 2614 3332; baseline -0.001 -17"><span class='ocrx_word' id='word_1_201' title='bbox 504 3249 672 3332; x_wconf 90' lang='lat' dir='ltr'><strong>quod</strong></span> <span class='ocrx_word' id='word_1_202' title='bbox 732 3256 797 3314; x_wconf 89' lang='lat' dir='ltr'><strong>et</strong></span> <span class='ocrx_word' id='word_1_203' title='bbox 857 3248 1095 3314; x_wconf 87' lang='lat' dir='ltr'><strong>bellum</strong></span> <span class='ocrx_word' id='word_1_204' title='bbox 1157 3248 1341 3314; x_wconf 88' lang='lat' dir='ltr'><strong>aleae</strong></span> <span class='ocrx_word' id='word_1_205' title='bbox 1403 3249 1662 3332; x_wconf 87' lang='lat' dir='ltr'><strong>plenum</strong></span> <span class='ocrx_word' id='word_1_206' title='bbox 1725 3255 1790 3313; x_wconf 87' lang='lat' dir='ltr'><strong>et</strong></span> <span class='ocrx_word' id='word_1_207' title='bbox 1851 3249 2230 3314; x_wconf 86' lang='lat' dir='ltr'><strong>relicuorum</strong></span> <span class='ocrx_word' id='word_1_208' title='bbox 2293 3249 2614 3314; x_wconf 86' lang='lat' dir='ltr'><strong>sociorum</strong></span> 
     </span>
     <span class='ocr_line' id='line_1_30' title="bbox 504 3350 2612 3434; baseline -0.001 -17"><span class='ocrx_word' id='word_1_209' title='bbox 504 3352 877 3417; x_wconf 86' lang='lat' dir='ltr'><strong>imminebat</strong></span> <span class='ocrx_word' id='word_1_210' title='bbox 922 3351 1215 3417; x_wconf 86' lang='lat' dir='ltr'><strong>defectio.</strong></span> <span class='ocrx_word' id='word_1_211' title='bbox 1304 3352 1377 3415; x_wconf 94' lang='lat' dir='ltr'><strong>L.</strong></span> <span class='ocrx_word' id='word_1_212' title='bbox 1424 3351 1621 3434; x_wconf 81' lang='lat' dir='ltr'><strong>igitur</strong></span> <span class='ocrx_word' id='word_1_213' title='bbox 1661 3350 1873 3417; x_wconf 86' lang='lat' dir='ltr'><strong>Julius</strong></span> <span class='ocrx_word' id='word_1_214' title='bbox 1919 3351 2160 3417; x_wconf 84' lang='lat' dir='ltr'><strong>Caesar</strong></span> <span class='ocrx_word' id='word_1_215' title='bbox 2211 3352 2434 3417; x_wconf 87' lang='lat' dir='ltr'><strong>consul</strong></span> <span class='ocrx_word' id='word_1_216' title='bbox 2477 3351 2612 3415; x_wconf 84' lang='lat' dir='ltr'><strong>vic·-</strong></span> 
     </span>
     <span class='ocr_line' id='line_1_31' title="bbox 505 3453 2614 3537; baseline -0 -17"><span class='ocrx_word' id='word_1_217' title='bbox 505 3454 671 3520; x_wconf 90' lang='lat' dir='ltr'><strong>toria</strong></span> <span class='ocrx_word' id='word_1_218' title='bbox 724 3453 810 3519; x_wconf 88' lang='lat' dir='ltr'><strong>ad</strong></span> <span class='ocrx_word' id='word_1_219' title='bbox 863 3454 1133 3519; x_wconf 86' lang='lat' dir='ltr'><strong>Acerras</strong></span> <span class='ocrx_word' id='word_1_220' title='bbox 1195 3460 1382 3537; x_wconf 86' lang='lat' dir='ltr'><strong>parta</strong></span> <span class='ocrx_word' id='word_1_221' title='bbox 1444 3474 1592 3518; x_wconf 88' lang='lat' dir='ltr'><strong>cum</strong></span> <span class='ocrx_word' id='word_1_222' title='bbox 1643 3454 2037 3519; x_wconf 87' lang='lat' dir='ltr'><strong>comitiorum</strong></span> <span class='ocrx_word' id='word_1_223' title='bbox 2091 3474 2288 3519; x_wconf 88' lang='lat' dir='ltr'><strong>causa</strong></span> <span class='ocrx_word' id='word_1_224' title='bbox 2339 3456 2614 3519; x_wconf 89' lang='lat' dir='ltr'><strong>Romam</strong></span> 
     </span>
     <span class='ocr_line' id='line_1_32' title="bbox 504 3555 2610 3641; baseline -0.002 -19"><span class='ocrx_word' id='word_1_225' title='bbox 504 3558 815 3641; x_wconf 87' lang='lat' dir='ltr'><strong>rediisset,</strong></span> <span class='ocrx_word' id='word_1_226' title='bbox 854 3576 934 3623; x_wconf 84' lang='lat' dir='ltr'><strong>ex</strong></span> <span class='ocrx_word' id='word_1_227' title='bbox 962 3562 1225 3622; x_wconf 86' lang='lat' dir='ltr'><strong>senatus</strong></span> <span class='ocrx_word' id='word_1_228' title='bbox 1254 3557 1541 3622; x_wconf 86' lang='lat' dir='ltr'><strong>consulto</strong></span> <span class='ocrx_word' id='word_1_229' title='bbox 1570 3557 1778 3641; x_wconf 86' lang='lat' dir='ltr'><strong>legem</strong></span> <span class='ocrx_word' id='word_1_230' title='bbox 1807 3556 1970 3640; x_wconf 89' lang='lat' dir='ltr'><strong>tulit,</strong></span> <span class='ocrx_word' id='word_1_231' title='bbox 2010 3556 2106 3621; x_wconf 84' lang='lat' dir='ltr'><strong>uti</strong></span> <span class='ocrx_word' id='word_1_232' title='bbox 2131 3555 2308 3621; x_wconf 81' lang='lat' dir='ltr'><strong>cives</strong></span> <span class='ocrx_word' id='word_1_233' title='bbox 2334 3555 2610 3619; x_wconf 83' lang='lat' dir='ltr'><strong>Romani</strong></span> 
     </span>
     <span class='ocr_line' id='line_1_33' title="bbox 505 3659 2610 3742; baseline -0.002 -17"><span class='ocrx_word' id='word_1_234' title='bbox 505 3666 717 3725; x_wconf 85' lang='lat' dir='ltr'><strong>essent</strong></span> <span class='ocrx_word' id='word_1_235' title='bbox 761 3660 981 3725; x_wconf 87' lang='lat' dir='ltr'><strong>Latini</strong></span> <span class='ocrx_word' id='word_1_236' title='bbox 1021 3678 1368 3741; x_wconf 88' lang='lat' dir='ltr'><strong>omnesque</strong></span> <span class='ocrx_word' id='word_1_237' title='bbox 1414 3659 1652 3742; x_wconf 87' lang='lat' dir='ltr'><strong>Italici,</strong></span> <span class='ocrx_word' id='word_1_238' title='bbox 1715 3659 1827 3741; x_wconf 89' lang='lat' dir='ltr'><strong>qui</strong></span> <span class='ocrx_word' id='word_1_239' title='bbox 1879 3664 1993 3723; x_wconf 89' lang='lat' dir='ltr'><strong>aut</strong></span> <span class='ocrx_word' id='word_1_240' title='bbox 2045 3678 2226 3723; x_wconf 90' lang='lat' dir='ltr'><strong>arma</strong></span> <span class='ocrx_word' id='word_1_241' title='bbox 2266 3678 2397 3723; x_wconf 91' lang='lat' dir='ltr'><strong>non</strong></span> <span class='ocrx_word' id='word_1_242' title='bbox 2441 3676 2610 3723; x_wconf 73' lang='lat' dir='ltr'><strong>sum·</strong></span> 
     </span>
     <span class='ocr_line' id='line_1_34' title="bbox 508 3760 2606 3845; baseline 0 -20"><span class='ocrx_word' id='word_1_243' title='bbox 508 3760 741 3825; x_wconf 84' lang='lat' dir='ltr'><strong>sissent</strong></span> <span class='ocrx_word' id='word_1_244' title='bbox 769 3769 879 3825; x_wconf 86' lang='lat' dir='ltr'><strong>aut</strong></span> <span class='ocrx_word' id='word_1_245' title='bbox 906 3770 1117 3826; x_wconf 82' lang='lat' dir='ltr'><strong>sumta</strong></span> <span class='ocrx_word' id='word_1_246' title='bbox 1146 3762 1365 3827; x_wconf 84' lang='lat' dir='ltr'><strong>statim</strong></span> <span class='ocrx_word' id='word_1_247' title='bbox 1392 3761 1856 3845; x_wconf 81' lang='lat' dir='ltr'><strong>deposuissent,</strong></span> <span class='ocrx_word' id='word_1_248' title='bbox 1896 3762 1953 3827; x_wconf 90' lang='lat' dir='ltr'><strong>si</strong></span> <span class='ocrx_word' id='word_1_249' title='bbox 1981 3760 2164 3826; x_wconf 83' lang='lat' dir='ltr'><strong>fundi</strong></span> <span class='ocrx_word' id='word_1_250' title='bbox 2190 3761 2349 3826; x_wconf 85' lang='lat' dir='ltr'><strong>facti</strong></span> <span class='ocrx_word' id='word_1_251' title='bbox 2375 3768 2606 3826; x_wconf 87' lang='lat' dir='ltr'><strong>essent.</strong></span> 
     </span>
     <span class='ocr_line' id='line_1_35' title="bbox 508 3860 2616 3949; baseline 0.002 -24"><span class='ocrx_word' id='word_1_252' title='bbox 508 3860 847 3926; x_wconf 88' lang='lat' dir='ltr'><strong>Praetereo</strong></span> <span class='ocrx_word' id='word_1_253' title='bbox 900 3862 1155 3945; x_wconf 78' lang='lat' dir='ltr'><strong>singula</strong></span> <span class='ocrx_word' id='word_1_254' title='bbox 1206 3864 1369 3947; x_wconf 78' lang='lat' dir='ltr'><strong>legis</strong></span> <span class='ocrx_word' id='word_1_255' title='bbox 1421 3866 1598 3929; x_wconf 81' lang='lat' dir='ltr'><strong>velut</strong></span> <span class='ocrx_word' id='word_1_256' title='bbox 1651 3863 1732 3929; x_wconf 87' lang='lat' dir='ltr'><strong>de</strong></span> <span class='ocrx_word' id='word_1_257' title='bbox 1787 3864 2076 3930; x_wconf 87' lang='lat' dir='ltr'><strong>tribubus</strong></span> <span class='ocrx_word' id='word_1_258' title='bbox 2123 3864 2365 3949; x_wconf 81' lang='lat' dir='ltr'><strong>capita3</strong></span> <span class='ocrx_word' id='word_1_259' title='bbox 2429 3864 2616 3929; x_wconf 82' lang='lat' dir='ltr'><strong>mitto</strong></span> 
     </span>
     <span class='ocr_line' id='line_1_36' title="bbox 507 3963 2608 4050; baseline 0.002 -22"><span class='ocrx_word' id='word_1_260' title='bbox 507 3963 835 4048; x_wconf 85' lang='lat' dir='ltr'><strong>disputare</strong></span> <span class='ocrx_word' id='word_1_261' title='bbox 878 3964 959 4029; x_wconf 89' lang='lat' dir='ltr'><strong>de</strong></span> <span class='ocrx_word' id='word_1_262' title='bbox 1005 3965 1147 4048; x_wconf 83' lang='lat' dir='ltr'><strong>lege</strong></span> <span class='ocrx_word' id='word_1_263' title='bbox 1189 3966 1453 4049; x_wconf 87' lang='lat' dir='ltr'><strong>Papiria</strong></span> <span class='ocrx_word' id='word_1_264' title='bbox 1495 3965 1771 4049; x_wconf 84' lang='lat' dir='ltr'><strong>Plautia,</strong></span> <span class='ocrx_word' id='word_1_265' title='bbox 1819 3965 2256 4033; x_wconf 86' lang='lat' dir='ltr'><strong>additamento</strong></span> <span class='ocrx_word' id='word_1_266' title='bbox 2302 3966 2608 4050; x_wconf 88' lang='lat' dir='ltr'><strong>quodam-</strong></span> 
     </span>
    </p>
   </div>
   <div class='ocr_carea' id='block_1_4' title="bbox 506 4069 919 4079">
    <p class='ocr_par' dir='ltr' id='par_1_6' title="bbox 506 4069 919 4079">
     <span class='ocr_line' id='line_1_37' title="bbox 506 4069 919 4079; baseline 0 846"><span class='ocrx_word' id='word_1_267' title='bbox 506 4069 919 4079; x_wconf 95' lang='lat' dir='ltr'><strong> </strong></span> 
     </span>
    </p>
   </div>
   <div class='ocr_carea' id='block_1_5' title="bbox 678 4098 1947 4253">
    <p class='ocr_par' dir='ltr' id='par_1_7' title="bbox 678 4098 1947 4253">
     <span class='ocr_line' id='line_1_38' title="bbox 680 4098 1947 4169; baseline 0.005 -18"><span class='ocrx_word' id='word_1_268' title='bbox 680 4098 723 4165; x_wconf 83' lang='lat'><strong>1)</strong></span> <span class='ocrx_word' id='word_1_269' title='bbox 762 4098 828 4154; x_wconf 84' lang='lat' dir='ltr'><strong>cf.</strong></span> <span class='ocrx_word' id='word_1_270' title='bbox 865 4098 1125 4167; x_wconf 83' lang='lat' dir='ltr'><strong>imprimis</strong></span> <span class='ocrx_word' id='word_1_271' title='bbox 1164 4098 1293 4167; x_wconf 86' lang='lat' dir='ltr'><strong>App.</strong></span> <span class='ocrx_word' id='word_1_272' title='bbox 1333 4099 1385 4153; x_wconf 91' lang='lat' dir='ltr'><strong>b.</strong></span> <span class='ocrx_word' id='word_1_273' title='bbox 1423 4100 1519 4155; x_wconf 84' lang='lat' dir='ltr'><strong>civ.</strong></span> <span class='ocrx_word' id='word_1_274' title='bbox 1556 4100 1597 4164; x_wconf 89' lang='lat' dir='ltr'><strong>I,</strong></span> <span class='ocrx_word' id='word_1_275' title='bbox 1635 4100 1704 4153; x_wconf 87' lang='lat'><strong>42</strong></span> <span class='ocrx_word' id='word_1_276' title='bbox 1740 4116 1784 4157; x_wconf 87' lang='lat' dir='ltr'><strong>e.</strong></span> <span class='ocrx_word' id='word_1_277' title='bbox 1819 4116 1868 4169; x_wconf 82' lang='lat' dir='ltr'><strong>q.</strong></span> <span class='ocrx_word' id='word_1_278' title='bbox 1905 4120 1947 4157; x_wconf 78' lang='grc' dir='ltr'><strong>ε.</strong></span> 
     </span>
     <span class='ocr_line' id='line_1_39' title="bbox 678 4182 1117 4253; baseline -0.002 -15"><span class='ocrx_word' id='word_1_279' title='bbox 678 4182 722 4253; x_wconf 79' lang='lat'><strong>²)</strong></span> <span class='ocrx_word' id='word_1_280' title='bbox 758 4201 867 4253; x_wconf 87' lang='lat' dir='ltr'><strong>per.</strong></span> <span class='ocrx_word' id='word_1_281' title='bbox 903 4184 1117 4237; x_wconf 90' lang='lat' dir='ltr'><strong>LXXII.</strong></span> 
     </span>
    </p>
   </div>
  </div>
 </body>
</html>
