<?xml version="1.0" encoding="UTF-8"?>
<!DOCTYPE html PUBLIC "-//W3C//DTD XHTML 1.0 Transitional//EN"
    "http://www.w3.org/TR/xhtml1/DTD/xhtml1-transitional.dtd">
<html xmlns="http://www.w3.org/1999/xhtml" xml:lang="en" lang="en">
 <head>
  <title>
</title>
<meta http-equiv="Content-Type" content="text/html;charset=utf-8" />
  <meta name='ocr-system' content='tesseract 3.04.00' />
  <meta name='ocr-capabilities' content='ocr_page ocr_carea ocr_par ocr_line ocrx_word'/>
</head>
<body>
  <div class='ocr_page' id='page_1' title='image "./decornificiiauc00bochgoog_0030.png"; bbox 0 0 3117 4925; ppageno 0'>
   <div class='ocr_carea' id='block_1_1' title="bbox 1522 389 1604 452">
    <p class='ocr_par' dir='ltr' id='par_1_1' title="bbox 1522 389 1604 452">
     <span class='ocr_line' id='line_1_1' title="bbox 1522 389 1604 452; baseline 0 0"><span class='ocrx_word' id='word_1_1' title='bbox 1522 389 1604 452; x_wconf 78' lang='lat'><strong>27</strong></span> 
     </span>
    </p>
   </div>
   <div class='ocr_carea' id='block_1_2' title="bbox 1359 477 1768 485">
    <p class='ocr_par' dir='ltr' id='par_1_2' title="bbox 1359 477 1768 485">
     <span class='ocr_line' id='line_1_2' title="bbox 1359 477 1768 485; baseline 0 4440"><span class='ocrx_word' id='word_1_2' title='bbox 1359 477 1768 485; x_wconf 95' lang='lat' dir='ltr'><strong> </strong></span> 
     </span>
    </p>
   </div>
   <div class='ocr_carea' id='block_1_3' title="bbox 444 591 2654 4263">
    <p class='ocr_par' dir='ltr' id='par_1_3' title="bbox 444 591 2627 2010">
     <span class='ocr_line' id='line_1_3' title="bbox 510 591 2627 678; baseline -0.001 -18"><span class='ocrx_word' id='word_1_3' title='bbox 510 595 757 661; x_wconf 84' lang='lat' dir='ltr'><strong>Marsos</strong></span> <span class='ocrx_word' id='word_1_4' title='bbox 815 595 1159 678; x_wconf 81' lang='lat' dir='ltr'><strong>Paelignos</strong></span> <span class='ocrx_word' id='word_1_5' title='bbox 1220 593 1616 658; x_wconf 75' lang='lat' dir='ltr'><strong>Marrucinos</strong></span> <span class='ocrx_word' id='word_1_6' title='bbox 1679 593 2000 658; x_wconf 79' lang='lat' dir='ltr'><strong>Samnites</strong></span> <span class='ocrx_word' id='word_1_7' title='bbox 2069 591 2364 658; x_wconf 89' lang='lat' dir='ltr'><strong>Lucanos</strong></span> <span class='ocrx_word' id='word_1_8' title='bbox 2433 613 2627 658; x_wconf 73' lang='lat' dir='ltr'><strong>arma-</strong></span> 
     </span>
     <span class='ocr_line' id='line_1_4' title="bbox 512 695 2620 784; baseline -0.001 -22"><span class='ocrx_word' id='word_1_9' title='bbox 512 699 783 784; x_wconf 80' lang='lat' dir='ltr'><strong>cepisse3</strong></span> <span class='ocrx_word' id='word_1_10' title='bbox 850 704 1218 763; x_wconf 84' lang='lat' dir='ltr'><strong>manserunt</strong></span> <span class='ocrx_word' id='word_1_11' title='bbox 1261 696 1457 780; x_wconf 79' lang='lat' dir='ltr'><strong>igitur</strong></span> <span class='ocrx_word' id='word_1_12' title='bbox 1498 697 1568 760; x_wconf 89' lang='lat' dir='ltr'><strong>in</strong></span> <span class='ocrx_word' id='word_1_13' title='bbox 1613 695 1824 761; x_wconf 87' lang='lat' dir='ltr'><strong>officio</strong></span> <span class='ocrx_word' id='word_1_14' title='bbox 1865 696 2126 761; x_wconf 86' lang='lat' dir='ltr'><strong>omnino</strong></span> <span class='ocrx_word' id='word_1_15' title='bbox 2169 695 2385 760; x_wconf 87' lang='lat' dir='ltr'><strong>Latini</strong></span> <span class='ocrx_word' id='word_1_16' title='bbox 2429 700 2510 777; x_wconf 88' lang='lat' dir='ltr'><strong>et,</strong></span> <span class='ocrx_word' id='word_1_17' title='bbox 2558 695 2620 760; x_wconf 88' lang='lat' dir='ltr'><strong>si</strong></span> 
     </span>
     <span class='ocr_line' id='line_1_5' title="bbox 509 797 2616 882; baseline -0.002 -16"><span class='ocrx_word' id='word_1_18' title='bbox 509 801 813 866; x_wconf 80' lang='lat' dir='ltr'><strong>victorias</strong></span> <span class='ocrx_word' id='word_1_19' title='bbox 874 800 1187 865; x_wconf 86' lang='lat' dir='ltr'><strong>sociorum</strong></span> <span class='ocrx_word' id='word_1_20' title='bbox 1248 804 1588 882; x_wconf 85' lang='lat' dir='ltr'><strong>expectare</strong></span> <span class='ocrx_word' id='word_1_21' title='bbox 1639 798 1810 864; x_wconf 89' lang='lat' dir='ltr'><strong>idem</strong></span> <span class='ocrx_word' id='word_1_22' title='bbox 1863 804 1961 864; x_wconf 91' lang='lat' dir='ltr'><strong>est</strong></span> <span class='ocrx_word' id='word_1_23' title='bbox 2015 797 2186 880; x_wconf 83' lang='lat' dir='ltr'><strong>quod</strong></span> <span class='ocrx_word' id='word_1_24' title='bbox 2239 817 2493 862; x_wconf 86' lang='lat' dir='ltr'><strong>manere</strong></span> <span class='ocrx_word' id='word_1_25' title='bbox 2545 797 2616 861; x_wconf 87' lang='lat' dir='ltr'><strong>in</strong></span> 
     </span>
     <span class='ocr_line' id='line_1_6' title="bbox 509 901 2624 986; baseline -0.001 -20"><span class='ocrx_word' id='word_1_26' title='bbox 509 903 741 985; x_wconf 83' lang='lat' dir='ltr'><strong>officio,</strong></span> <span class='ocrx_word' id='word_1_27' title='bbox 778 903 1033 969; x_wconf 80' lang='lat' dir='ltr'><strong>Etrusci</strong></span> <span class='ocrx_word' id='word_1_28' title='bbox 1070 903 1292 968; x_wconf 83' lang='lat' dir='ltr'><strong>Umbri</strong></span> <span class='ocrx_word' id='word_1_29' title='bbox 1326 903 1685 986; x_wconf 86' lang='lat' dir='ltr'><strong>complures</strong></span> <span class='ocrx_word' id='word_1_30' title='bbox 1721 903 1910 968; x_wconf 87' lang='lat' dir='ltr'><strong>urbes</strong></span> <span class='ocrx_word' id='word_1_31' title='bbox 1942 901 2332 966; x_wconf 75' lang='lat' dir='ltr'><strong>foederatae.</strong></span> <span class='ocrx_word' id='word_1_32' title='bbox 2387 901 2624 982; x_wconf 82' lang='lat' dir='ltr'><strong>Itaque</strong></span> 
     </span>
     <span class='ocr_line' id='line_1_7' title="bbox 444 1001 2622 1089; baseline -0.002 -20"><span class='ocrx_word' id='word_1_33' title='bbox 444 1045 451 1050; x_wconf 95' lang='lat'>-</span> <span class='ocrx_word' id='word_1_34' title='bbox 512 1024 656 1069; x_wconf 89' lang='lat' dir='ltr'><strong>cum</strong></span> <span class='ocrx_word' id='word_1_35' title='bbox 700 1011 1011 1089; x_wconf 81' lang='lat' dir='ltr'>appareat</span> <span class='ocrx_word' id='word_1_36' title='bbox 1052 1006 1162 1070; x_wconf 85' lang='lat' dir='ltr'><strong>vix</strong></span> <span class='ocrx_word' id='word_1_37' title='bbox 1206 1005 1373 1069; x_wconf 88' lang='lat' dir='ltr'><strong>hane</strong></span> <span class='ocrx_word' id='word_1_38' title='bbox 1416 1005 1616 1069; x_wconf 88' lang='lat' dir='ltr'><strong>multo</strong></span> <span class='ocrx_word' id='word_1_39' title='bbox 1657 1004 1966 1070; x_wconf 88' lang='lat' dir='ltr'><strong>maiorem</strong></span> <span class='ocrx_word' id='word_1_40' title='bbox 2008 1002 2294 1088; x_wconf 87' lang='lat' dir='ltr'><strong>potuisse</strong></span> <span class='ocrx_word' id='word_1_41' title='bbox 2339 1001 2470 1066; x_wconf 86' lang='lat' dir='ltr'><strong>dici</strong></span> <span class='ocrx_word' id='word_1_42' title='bbox 2511 1019 2622 1066; x_wconf 86' lang='lat' dir='ltr'><strong>so—</strong></span> 
     </span>
     <span class='ocr_line' id='line_1_8' title="bbox 511 1103 2625 1192; baseline -0.002 -19"><span class='ocrx_word' id='word_1_43' title='bbox 511 1108 749 1173; x_wconf 87' lang='lat' dir='ltr'><strong>ciorum</strong></span> <span class='ocrx_word' id='word_1_44' title='bbox 794 1115 1039 1192; x_wconf 84' lang='lat' dir='ltr'><strong>partem</strong></span> <span class='ocrx_word' id='word_1_45' title='bbox 1052 1157 1067 1187; x_wconf 91' lang='lat'><strong>,</strong></span> <span class='ocrx_word' id='word_1_46' title='bbox 1132 1108 1403 1192; x_wconf 76' lang='lat' dir='ltr'><strong>scriptor</strong></span> <span class='ocrx_word' id='word_1_47' title='bbox 1454 1127 1715 1172; x_wconf 88' lang='lat' dir='ltr'><strong>necesse</strong></span> <span class='ocrx_word' id='word_1_48' title='bbox 1769 1115 1868 1172; x_wconf 88' lang='lat' dir='ltr'><strong>est</strong></span> <span class='ocrx_word' id='word_1_49' title='bbox 1918 1127 2054 1172; x_wconf 90' lang='lat' dir='ltr'><strong>rem</strong></span> <span class='ocrx_word' id='word_1_50' title='bbox 2097 1111 2210 1170; x_wconf 80' lang='lat' dir='ltr'><strong>aut</strong></span> <span class='ocrx_word' id='word_1_51' title='bbox 2250 1124 2377 1169; x_wconf 85' lang='lat' dir='ltr'><strong>non</strong></span> <span class='ocrx_word' id='word_1_52' title='bbox 2419 1103 2625 1188; x_wconf 79' lang='lat' dir='ltr'><strong>plane</strong></span> 
     </span>
     <span class='ocr_line' id='line_1_9' title="bbox 510 1204 2623 1294; baseline -0.003 -18"><span class='ocrx_word' id='word_1_53' title='bbox 510 1217 903 1294; x_wconf 82' lang='lat' dir='ltr'><strong>compertam</strong></span> <span class='ocrx_word' id='word_1_54' title='bbox 958 1210 1261 1275; x_wconf 68' lang='lat' dir='ltr'><strong>habuisse</strong></span> <span class='ocrx_word' id='word_1_55' title='bbox 1315 1217 1427 1276; x_wconf 91' lang='lat' dir='ltr'><strong>aut</strong></span> <span class='ocrx_word' id='word_1_56' title='bbox 1482 1231 1608 1275; x_wconf 87' lang='lat' dir='ltr'><strong>non</strong></span> <span class='ocrx_word' id='word_1_57' title='bbox 1661 1211 1799 1276; x_wconf 84' lang='lat' dir='ltr'><strong>sine</strong></span> <span class='ocrx_word' id='word_1_58' title='bbox 1854 1210 2070 1291; x_wconf 81' lang='lat' dir='ltr'><strong>aliquo</strong></span> <span class='ocrx_word' id='word_1_59' title='bbox 2115 1206 2328 1274; x_wconf 87' lang='lat' dir='ltr'><strong>studio</strong></span> <span class='ocrx_word' id='word_1_60' title='bbox 2373 1204 2442 1270; x_wconf 85' lang='lat' dir='ltr'><strong>in</strong></span> <span class='ocrx_word' id='word_1_61' title='bbox 2485 1225 2623 1270; x_wconf 78' lang='lat' dir='ltr'><strong>me-</strong></span> 
     </span>
     <span class='ocr_line' id='line_1_10' title="bbox 511 1308 2624 1396; baseline -0.002 -20"><span class='ocrx_word' id='word_1_62' title='bbox 511 1311 687 1377; x_wconf 87' lang='lat' dir='ltr'><strong>dium</strong></span> <span class='ocrx_word' id='word_1_63' title='bbox 738 1311 1099 1396; x_wconf 83' lang='lat' dir='ltr'><strong>protulisse.</strong></span> <span class='ocrx_word' id='word_1_64' title='bbox 1186 1313 1365 1378; x_wconf 83' lang='lat' dir='ltr'><strong>Infra</strong></span> <span class='ocrx_word' id='word_1_65' title='bbox 1418 1319 1632 1378; x_wconf 89' lang='lat' dir='ltr'><strong>autem</strong></span> <span class='ocrx_word' id='word_1_66' title='bbox 1675 1311 2037 1378; x_wconf 79' lang='lat' dir='ltr'><strong>videbimus</strong></span> <span class='ocrx_word' id='word_1_67' title='bbox 2078 1310 2314 1396; x_wconf 87' lang='lat' dir='ltr'><strong>optime</strong></span> <span class='ocrx_word' id='word_1_68' title='bbox 2357 1327 2504 1373; x_wconf 82' lang='lat' dir='ltr'><strong>eum</strong></span> <span class='ocrx_word' id='word_1_69' title='bbox 2547 1308 2624 1372; x_wconf 70' lang='lat' dir='ltr'><strong>iu</strong></span> 
     </span>
     <span class='ocr_line' id='line_1_11' title="bbox 510 1409 2618 1498; baseline -0.001 -19"><span class='ocrx_word' id='word_1_70' title='bbox 510 1415 699 1480; x_wconf 88' lang='lat' dir='ltr'><strong>rebus</strong></span> <span class='ocrx_word' id='word_1_71' title='bbox 761 1415 929 1479; x_wconf 90' lang='lat' dir='ltr'><strong>bello</strong></span> <span class='ocrx_word' id='word_1_72' title='bbox 993 1416 1221 1480; x_wconf 84' lang='lat' dir='ltr'><strong>sociali</strong></span> <span class='ocrx_word' id='word_1_73' title='bbox 1281 1417 1480 1498; x_wconf 80' lang='lat' dir='ltr'><strong>gestis</strong></span> <span class='ocrx_word' id='word_1_74' title='bbox 1524 1422 1866 1481; x_wconf 77' lang='lat' dir='ltr'><strong>versatum.</strong></span> <span class='ocrx_word' id='word_1_75' title='bbox 1956 1413 2126 1496; x_wconf 80' lang='lat' dir='ltr'><strong>Ergo</strong></span> <span class='ocrx_word' id='word_1_76' title='bbox 2189 1418 2300 1476; x_wconf 86' lang='lat' dir='ltr'><strong>aut</strong></span> <span class='ocrx_word' id='word_1_77' title='bbox 2351 1411 2490 1495; x_wconf 87' lang='lat' dir='ltr'><strong>ipse</strong></span> <span class='ocrx_word' id='word_1_78' title='bbox 2545 1409 2618 1476; x_wconf 80' lang='lat' dir='ltr'><strong>in</strong></span> 
     </span>
     <span class='ocr_line' id='line_1_12' title="bbox 508 1511 2627 1602; baseline -0.002 -19"><span class='ocrx_word' id='word_1_79' title='bbox 508 1519 800 1601; x_wconf 80' lang='lat' dir='ltr'><strong>exemplo</strong></span> <span class='ocrx_word' id='word_1_80' title='bbox 862 1517 975 1582; x_wconf 87' lang='lat' dir='ltr'><strong>illo</strong></span> <span class='ocrx_word' id='word_1_81' title='bbox 1034 1517 1373 1584; x_wconf 84' lang='lat' dir='ltr'><strong>mediocris</strong></span> <span class='ocrx_word' id='word_1_82' title='bbox 1434 1517 1676 1602; x_wconf 81' lang='lat' dir='ltr'><strong>figurae</strong></span> <span class='ocrx_word' id='word_1_83' title='bbox 1739 1514 2178 1601; x_wconf 87' lang='lat' dir='ltr'><strong>componendo</strong></span> <span class='ocrx_word' id='word_1_84' title='bbox 2223 1514 2354 1598; x_wconf 89' lang='lat' dir='ltr'>(IV,</span> <span class='ocrx_word' id='word_1_85' title='bbox 2399 1517 2462 1595; x_wconf 87' lang='lat'><strong>9,</strong></span> <span class='ocrx_word' id='word_1_86' title='bbox 2503 1511 2627 1595; x_wconf 85' lang='lat'><strong>13)-</strong></span> 
     </span>
     <span class='ocr_line' id='line_1_13' title="bbox 509 1615 2620 1704; baseline -0.001 -21"><span class='ocrx_word' id='word_1_87' title='bbox 509 1619 657 1684; x_wconf 89' lang='lat' dir='ltr'><strong>odio</strong></span> <span class='ocrx_word' id='word_1_88' title='bbox 702 1639 939 1704; x_wconf 85' lang='lat' dir='ltr'><strong>eorum,</strong></span> <span class='ocrx_word' id='word_1_89' title='bbox 986 1621 1097 1702; x_wconf 87' lang='lat' dir='ltr'><strong>qui</strong></span> <span class='ocrx_word' id='word_1_90' title='bbox 1140 1621 1371 1687; x_wconf 75' lang='lat' dir='ltr'><strong>fecisse</strong></span> <span class='ocrx_word' id='word_1_91' title='bbox 1407 1641 1549 1686; x_wconf 84' lang='lat' dir='ltr'><strong>cum</strong></span> <span class='ocrx_word' id='word_1_92' title='bbox 1587 1621 1780 1687; x_wconf 87' lang='lat' dir='ltr'><strong>sociis</strong></span> <span class='ocrx_word' id='word_1_93' title='bbox 1816 1619 2270 1704; x_wconf 78' lang='lat' dir='ltr'><strong>arguebantur,</strong></span> <span class='ocrx_word' id='word_1_94' title='bbox 2316 1615 2620 1681; x_wconf 86' lang='lat' dir='ltr'><strong>inductus</strong></span> 
     </span>
     <span class='ocr_line' id='line_1_14' title="bbox 507 1718 2620 1808; baseline -0.002 -23"><span class='ocrx_word' id='word_1_95' title='bbox 507 1721 695 1786; x_wconf 88' lang='lat' dir='ltr'><strong>fidem</strong></span> <span class='ocrx_word' id='word_1_96' title='bbox 758 1721 1052 1804; x_wconf 85' lang='lat' dir='ltr'><strong>augendo</strong></span> <span class='ocrx_word' id='word_1_97' title='bbox 1116 1723 1459 1806; x_wconf 74' lang='lat' dir='ltr'><strong>supet-iecit</strong></span> <span class='ocrx_word' id='word_1_98' title='bbox 1521 1730 1632 1788; x_wconf 89' lang='lat' dir='ltr'><strong>aut</strong></span> <span class='ocrx_word' id='word_1_99' title='bbox 1694 1725 2118 1808; x_wconf 69' lang='lat' dir='ltr'><strong>super-lectam</strong></span> <span class='ocrx_word' id='word_1_100' title='bbox 2183 1740 2263 1784; x_wconf 81' lang='lat' dir='ltr'><strong>ex</strong></span> <span class='ocrx_word' id='word_1_101' title='bbox 2327 1718 2620 1784; x_wconf 83' lang='lat' dir='ltr'><strong>oratione</strong></span> 
     </span>
     <span class='ocr_line' id='line_1_15' title="bbox 507 1823 2622 1908; baseline 0.001 -21"><span class='ocrx_word' id='word_1_102' title='bbox 507 1823 727 1904; x_wconf 88' lang='lat' dir='ltr'><strong>aliqua</strong></span> <span class='ocrx_word' id='word_1_103' title='bbox 770 1824 853 1887; x_wconf 89' lang='lat' dir='ltr'><strong>ab</strong></span> <span class='ocrx_word' id='word_1_104' title='bbox 896 1823 1040 1907; x_wconf 88' lang='lat' dir='ltr'><strong>ipso</strong></span> <span class='ocrx_word' id='word_1_105' title='bbox 1084 1825 1189 1888; x_wconf 88' lang='lat' dir='ltr'><strong>vel</strong></span> <span class='ocrx_word' id='word_1_106' title='bbox 1232 1823 1455 1889; x_wconf 86' lang='lat' dir='ltr'><strong>audita</strong></span> <span class='ocrx_word' id='word_1_107' title='bbox 1497 1827 1602 1890; x_wconf 83' lang='lat' dir='ltr'><strong>vel</strong></span> <span class='ocrx_word' id='word_1_108' title='bbox 1663 1827 1830 1890; x_wconf 84' lang='lat' dir='ltr'><strong>lecta</strong></span> <span class='ocrx_word' id='word_1_109' title='bbox 1871 1825 2210 1890; x_wconf 81' lang='lat' dir='ltr'><strong>transtulit.</strong></span> <span class='ocrx_word' id='word_1_110' title='bbox 2301 1825 2622 1908; x_wconf 82' lang='lat' dir='ltr'><strong>Equidem</strong></span> 
     </span>
     <span class='ocr_line' id='line_1_16' title="bbox 509 1925 2230 2010; baseline 0.002 -22"><span class='ocrx_word' id='word_1_111' title='bbox 509 1925 629 1989; x_wconf 90' lang='lat' dir='ltr'><strong>hoc</strong></span> <span class='ocrx_word' id='word_1_112' title='bbox 674 1926 887 2010; x_wconf 85' lang='lat' dir='ltr'><strong>potius</strong></span> <span class='ocrx_word' id='word_1_113' title='bbox 930 1927 1304 2010; x_wconf 89' lang='lat' dir='ltr'><strong>putaverim.</strong></span> <span class='ocrx_word' id='word_1_114' title='bbox 2209 1931 2230 1938; x_wconf 86' lang='grc'>”</span> 
     </span>
    </p>

    <p class='ocr_par' dir='ltr' id='par_1_4' title="bbox 506 2027 2629 2418">
     <span class='ocr_line' id='line_1_17' title="bbox 679 2027 2616 2096; baseline 0.001 -4"><span class='ocrx_word' id='word_1_115' title='bbox 679 2027 892 2094; x_wconf 87' lang='lat' dir='ltr'><strong>Etiam</strong></span> <span class='ocrx_word' id='word_1_116' title='bbox 952 2029 1181 2094; x_wconf 85' lang='lat' dir='ltr'><strong>mediis</strong></span> <span class='ocrx_word' id='word_1_117' title='bbox 1242 2030 1307 2093; x_wconf 90' lang='lat' dir='ltr'><strong>in</strong></span> <span class='ocrx_word' id='word_1_118' title='bbox 1365 2030 1653 2095; x_wconf 84' lang='lat' dir='ltr'><strong>hostibus</strong></span> <span class='ocrx_word' id='word_1_119' title='bbox 1707 2049 1851 2094; x_wconf 87' lang='lat' dir='ltr'><strong>eum</strong></span> <span class='ocrx_word' id='word_1_120' title='bbox 1905 2029 2075 2095; x_wconf 88' lang='lat' dir='ltr'><strong>aliae</strong></span> <span class='ocrx_word' id='word_1_121' title='bbox 2132 2030 2424 2096; x_wconf 83' lang='lat' dir='ltr'><strong>civitates</strong></span> <span class='ocrx_word' id='word_1_122' title='bbox 2479 2038 2616 2095; x_wconf 86' lang='lat' dir='ltr'><strong>tum</strong></span> 
     </span>
     <span class='ocr_line' id='line_1_18' title="bbox 508 2131 2626 2218; baseline 0 -22"><span class='ocrx_word' id='word_1_123' title='bbox 508 2131 754 2196; x_wconf 84' lang='lat' dir='ltr'><strong>Vestini</strong></span> <span class='ocrx_word' id='word_1_124' title='bbox 798 2131 1151 2196; x_wconf 87' lang='lat' dir='ltr'><strong>Pinnenses</strong></span> <span class='ocrx_word' id='word_1_125' title='bbox 1194 2137 1259 2197; x_wconf 89' lang='lat' dir='ltr'><strong>et</strong></span> <span class='ocrx_word' id='word_1_126' title='bbox 1304 2133 1616 2199; x_wconf 78' lang='lat' dir='ltr'><strong>Albenses</strong></span> <span class='ocrx_word' id='word_1_127' title='bbox 1671 2134 1740 2197; x_wconf 91' lang='lat' dir='ltr'><strong>in</strong></span> <span class='ocrx_word' id='word_1_128' title='bbox 1783 2134 2094 2198; x_wconf 83' lang='lat' dir='ltr'><strong>societate</strong></span> <span class='ocrx_word' id='word_1_129' title='bbox 2138 2135 2430 2200; x_wconf 83' lang='lat' dir='ltr'><strong>Romana</strong></span> <span class='ocrx_word' id='word_1_130' title='bbox 2474 2152 2626 2218; x_wconf 79' lang='lat' dir='ltr'><strong>per—</strong></span> 
     </span>
     <span class='ocr_line' id='line_1_19' title="bbox 508 2234 2629 2320; baseline 0.001 -22"><span class='ocrx_word' id='word_1_131' title='bbox 508 2234 819 2315; x_wconf 83' lang='lat' dir='ltr'><strong>stiterunt,</strong></span> <span class='ocrx_word' id='word_1_132' title='bbox 864 2253 1133 2315; x_wconf 81' lang='lat' dir='ltr'><strong>quorum</strong></span> <span class='ocrx_word' id='word_1_133' title='bbox 1174 2234 1241 2298; x_wconf 88' lang='lat' dir='ltr'><strong>in</strong></span> <span class='ocrx_word' id='word_1_134' title='bbox 1285 2253 1419 2300; x_wconf 87' lang='lat' dir='ltr'><strong>rem</strong></span> <span class='ocrx_word' id='word_1_135' title='bbox 1463 2235 1788 2320; x_wconf 86' lang='lat' dir='ltr'><strong>publicam</strong></span> <span class='ocrx_word' id='word_1_136' title='bbox 1825 2235 2054 2301; x_wconf 86' lang='lat' dir='ltr'><strong>merita</strong></span> <span class='ocrx_word' id='word_1_137' title='bbox 2090 2235 2470 2302; x_wconf 83' lang='lat' dir='ltr'><strong>Cornificius</strong></span> <span class='ocrx_word' id='word_1_138' title='bbox 2515 2235 2629 2300; x_wconf 84' lang='lat' dir='ltr'><strong>his-</strong></span> 
     </span>
     <span class='ocr_line' id='line_1_20' title="bbox 506 2335 1566 2418; baseline 0 -18"><span class='ocrx_word' id='word_1_139' title='bbox 506 2335 719 2400; x_wconf 87' lang='lat' dir='ltr'><strong>verbis</strong></span> <span class='ocrx_word' id='word_1_140' title='bbox 761 2335 1095 2418; x_wconf 82' lang='lat' dir='ltr'><strong>praedicat</strong></span> <span class='ocrx_word' id='word_1_141' title='bbox 1138 2335 1247 2418; x_wconf 86' lang='grc' dir='ltr'><strong>(Π,</strong></span> <span class='ocrx_word' id='word_1_142' title='bbox 1284 2339 1387 2417; x_wconf 81' lang='lat'><strong>28,</strong></span> <span class='ocrx_word' id='word_1_143' title='bbox 1426 2339 1566 2418; x_wconf 80' lang='lat'>45):</span> 
     </span>
    </p>

    <p class='ocr_par' dir='ltr' id='par_1_5' title="bbox 634 2439 2619 2530">
     <span class='ocr_line' id='line_1_21' title="bbox 634 2439 2619 2530; baseline 0.004 -31"><span class='ocrx_word' id='word_1_144' title='bbox 634 2494 639 2499; x_wconf 87' lang='lat'><em>.</em></span> <span class='ocrx_word' id='word_1_145' title='bbox 678 2439 875 2512; x_wconf 80' lang='lat' dir='ltr'><strong>„Item</strong></span> <span class='ocrx_word' id='word_1_146' title='bbox 916 2441 1189 2503; x_wconf 74' lang='lat' dir='ltr'><strong>vitiosum</strong></span> <span class='ocrx_word' id='word_1_147' title='bbox 1232 2451 1319 2504; x_wconf 74' lang='lat' dir='ltr'><strong>est</strong></span> <span class='ocrx_word' id='word_1_148' title='bbox 1356 2444 1423 2503; x_wconf 76' lang='lat' dir='ltr'><strong>in</strong></span> <span class='ocrx_word' id='word_1_149' title='bbox 1464 2443 1636 2505; x_wconf 74' lang='lat' dir='ltr'><strong>rebus</strong></span> <span class='ocrx_word' id='word_1_150' title='bbox 1688 2447 2090 2530; x_wconf 77' lang='lat' dir='ltr'><strong>conparandis</strong></span> <span class='ocrx_word' id='word_1_151' title='bbox 2132 2466 2352 2509; x_wconf 73' lang='lat' dir='ltr'><strong>necesse</strong></span> <span class='ocrx_word' id='word_1_152' title='bbox 2389 2454 2619 2530; x_wconf 78' lang='lat' dir='ltr'><strong>putare·</strong></span> 
     </span>
    </p>

    <p class='ocr_par' dir='ltr' id='par_1_6' title="bbox 668 2530 2625 3355">
     <span class='ocr_line' id='line_1_22' title="bbox 678 2530 2620 2631; baseline 0.002 -26"><span class='ocrx_word' id='word_1_153' title='bbox 678 2543 928 2606; x_wconf 80' lang='lat' dir='ltr'><strong>altera-m</strong></span> <span class='ocrx_word' id='word_1_154' title='bbox 988 2565 1116 2605; x_wconf 79' lang='lat' dir='ltr'><strong>rem</strong></span> <span class='ocrx_word' id='word_1_155' title='bbox 1174 2546 1535 2631; x_wconf 67' lang='lat' dir='ltr'><strong>vituperare,</strong></span> <span class='ocrx_word' id='word_1_156' title='bbox 1605 2568 1784 2629; x_wconf 80' lang='lat' dir='ltr'><strong>quom</strong></span> <span class='ocrx_word' id='word_1_157' title='bbox 1844 2530 2094 2611; x_wconf 71' lang='lat' dir='ltr'><strong>alteram</strong></span> <span class='ocrx_word' id='word_1_158' title='bbox 2155 2548 2387 2617; x_wconf 77' lang='lat' dir='ltr'><strong>laudes,</strong></span> <span class='ocrx_word' id='word_1_159' title='bbox 2449 2548 2620 2630; x_wconf 71' lang='lat' dir='ltr'><strong>quod</strong></span> 
     </span>
     <span class='ocr_line' id='line_1_23' title="bbox 676 2648 2621 2732; baseline 0.002 -25"><span class='ocrx_word' id='word_1_160' title='bbox 676 2667 887 2729; x_wconf 68' lang='lat' dir='ltr'><strong>penna,</strong></span> <span class='ocrx_word' id='word_1_161' title='bbox 934 2648 1013 2717; x_wconf 77' lang='lat' dir='ltr'><strong>si,</strong></span> <span class='ocrx_word' id='word_1_162' title='bbox 1060 2668 1238 2730; x_wconf 81' lang='lat' dir='ltr'><strong>quom</strong></span> <span class='ocrx_word' id='word_1_163' title='bbox 1282 2659 1606 2732; x_wconf 73' lang='lat' dir='ltr'><strong>quaeratur</strong></span> <span class='ocrx_word' id='word_1_164' title='bbox 1651 2652 1802 2713; x_wconf 65' lang='lat' dir='ltr'><strong>utris</strong></span> <span class='ocrx_word' id='word_1_165' title='bbox 1843 2653 2040 2713; x_wconf 87' lang='lat' dir='ltr'><strong>maior</strong></span> <span class='ocrx_word' id='word_1_166' title='bbox 2081 2650 2264 2713; x_wconf 75' lang='lat' dir='ltr'><strong>honos</strong></span> <span class='ocrx_word' id='word_1_167' title='bbox 2307 2650 2621 2711; x_wconf 67' lang='lat' dir='ltr'><strong>habendas</strong></span> 
     </span>
     <span class='ocr_line' id='line_1_24' title="bbox 677 2748 2616 2839; baseline 0.002 -30"><span class='ocrx_word' id='word_1_168' title='bbox 677 2750 769 2819; x_wconf 77' lang='lat' dir='ltr'><strong>sit,</strong></span> <span class='ocrx_word' id='word_1_169' title='bbox 806 2748 1161 2812; x_wconf 76' lang='lat' dir='ltr'><strong>Albensibus</strong></span> <span class='ocrx_word' id='word_1_170' title='bbox 1193 2774 1275 2813; x_wconf 84' lang='lat' dir='ltr'><strong>an</strong></span> <span class='ocrx_word' id='word_1_171' title='bbox 1308 2750 1559 2815; x_wconf 73' lang='lat' dir='ltr'><strong>Vestinis</strong></span> <span class='ocrx_word' id='word_1_172' title='bbox 1578 2752 1989 2825; x_wconf 68' lang='lat' dir='ltr'><strong>Hanensibus,</strong></span> <span class='ocrx_word' id='word_1_173' title='bbox 2028 2756 2190 2839; x_wconf 77' lang='lat' dir='ltr'><strong>quod</strong></span> <span class='ocrx_word' id='word_1_174' title='bbox 2222 2755 2312 2816; x_wconf 84' lang='lat' dir='ltr'><strong>rei</strong></span> <span class='ocrx_word' id='word_1_175' title='bbox 2335 2751 2616 2839; x_wconf 74' lang='lat' dir='ltr'><strong>publicae</strong></span> 
     </span>
     <span class='ocr_line' id='line_1_25' title="bbox 668 2851 2621 2942; baseline 0.003 -30"><span class='ocrx_word' id='word_1_176' title='bbox 668 2851 884 2936; x_wconf 75' lang='lat' dir='ltr'><strong>populi</strong></span> <span class='ocrx_word' id='word_1_177' title='bbox 941 2852 1213 2916; x_wconf 80' lang='lat' dir='ltr'><strong>Romani</strong></span> <span class='ocrx_word' id='word_1_178' title='bbox 1261 2854 1635 2941; x_wconf 74' lang='lat' dir='ltr'><strong>profuerint,</strong></span> <span class='ocrx_word' id='word_1_179' title='bbox 1699 2858 1772 2920; x_wconf 73' lang='lat' dir='ltr'><strong>cle</strong></span> <span class='ocrx_word' id='word_1_180' title='bbox 1831 2858 1924 2919; x_wconf 71' lang='lat' dir='ltr'><strong>Itis</strong></span> <span class='ocrx_word' id='word_1_181' title='bbox 1985 2860 2090 2942; x_wconf 82' lang='lat' dir='ltr'><strong>qui</strong></span> <span class='ocrx_word' id='word_1_182' title='bbox 2149 2859 2334 2927; x_wconf 77' lang='lat' dir='ltr'><strong>dicat,</strong></span> <span class='ocrx_word' id='word_1_183' title='bbox 2397 2856 2621 2917; x_wconf 68' lang='lat' dir='ltr'><strong>alteros</strong></span> 
     </span>
     <span class='ocr_line' id='line_1_26' title="bbox 676 2952 2620 3046; baseline 0.004 -34"><span class='ocrx_word' id='word_1_184' title='bbox 676 2952 907 3014; x_wconf 77' lang='lat' dir='ltr'><strong>laedat:</strong></span> <span class='ocrx_word' id='word_1_185' title='bbox 960 2978 1079 3017; x_wconf 73' lang='lat' dir='ltr'><strong>‘non</strong></span> <span class='ocrx_word' id='word_1_186' title='bbox 1132 2959 1289 3018; x_wconf 83' lang='lat' dir='ltr'><strong>enim</strong></span> <span class='ocrx_word' id='word_1_187' title='bbox 1338 2978 1562 3020; x_wconf 77' lang='lat' dir='ltr'><strong>necesse</strong></span> <span class='ocrx_word' id='word_1_188' title='bbox 1612 2970 1712 3030; x_wconf 75' lang='lat' dir='ltr'><strong>est,</strong></span> <span class='ocrx_word' id='word_1_189' title='bbox 1767 2962 1822 3023; x_wconf 81' lang='lat' dir='ltr'><strong>si</strong></span> <span class='ocrx_word' id='word_1_190' title='bbox 1862 2961 2074 3023; x_wconf 75' lang='lat' dir='ltr'><strong>alteros</strong></span> <span class='ocrx_word' id='word_1_191' title='bbox 2108 2982 2468 3046; x_wconf 72' lang='lat' dir='ltr'><strong>praeponas,</strong></span> <span class='ocrx_word' id='word_1_192' title='bbox 2524 2960 2620 3020; x_wconf 74' lang='lat' dir='ltr'><strong>al·-</strong></span> 
     </span>
     <span class='ocr_line' id='line_1_27' title="bbox 678 3058 2625 3148; baseline 0.005 -31"><span class='ocrx_word' id='word_1_193' title='bbox 678 3065 827 3117; x_wconf 77' lang='lat' dir='ltr'><strong>teros</strong></span> <span class='ocrx_word' id='word_1_194' title='bbox 886 3058 1253 3143; x_wconf 57' lang='lat' dir='ltr'><strong>vituperare:</strong></span> <span class='ocrx_word' id='word_1_195' title='bbox 1302 3060 1454 3143; x_wconf 78' lang='lat' dir='ltr'><strong>fleri</strong></span> <span class='ocrx_word' id='word_1_196' title='bbox 1494 3072 1712 3146; x_wconf 77' lang='lat' dir='ltr'><strong>potest,</strong></span> <span class='ocrx_word' id='word_1_197' title='bbox 1769 3074 1862 3135; x_wconf 79' lang='lat' dir='ltr'><strong>ut,</strong></span> <span class='ocrx_word' id='word_1_198' title='bbox 1925 3086 2104 3148; x_wconf 80' lang='lat' dir='ltr'><strong>quom</strong></span> <span class='ocrx_word' id='word_1_199' title='bbox 2155 3064 2368 3126; x_wconf 78' lang='lat' dir='ltr'><strong>alteros</strong></span> <span class='ocrx_word' id='word_1_200' title='bbox 2417 3064 2625 3147; x_wconf 69' lang='lat' dir='ltr'><strong>mayis·</strong></span> 
     </span>
     <span class='ocr_line' id='line_1_28' title="bbox 674 3157 2624 3251; baseline 0.005 -33"><span class='ocrx_word' id='word_1_201' title='bbox 674 3157 973 3231; x_wconf 71' lang='lat' dir='ltr'><strong>laudaris,</strong></span> <span class='ocrx_word' id='word_1_202' title='bbox 1036 3161 1303 3247; x_wconf 79' lang='lat' dir='ltr'><strong>aliquam</strong></span> <span class='ocrx_word' id='word_1_203' title='bbox 1356 3163 1559 3227; x_wconf 76' lang='lat' dir='ltr'><strong>alteris</strong></span> <span class='ocrx_word' id='word_1_204' title='bbox 1604 3177 1844 3251; x_wconf 74' lang='lat' dir='ltr'><strong>partem</strong></span> <span class='ocrx_word' id='word_1_205' title='bbox 1899 3167 2095 3229; x_wconf 74' lang='lat' dir='ltr'><strong>Zamlis</strong></span> <span class='ocrx_word' id='word_1_206' title='bbox 2137 3167 2474 3238; x_wconf 67' lang='lat' dir='ltr'><strong>adtribue-3,</strong></span> <span class='ocrx_word' id='word_1_207' title='bbox 2537 3188 2624 3228; x_wconf 67' lang='lat' dir='ltr'><strong>ne</strong></span> 
     </span>
     <span class='ocr_line' id='line_1_29' title="bbox 675 3262 2206 3355; baseline 0.006 -33"><span class='ocrx_word' id='word_1_208' title='bbox 675 3262 949 3347; x_wconf 71' lang='lat' dir='ltr'><strong>cupidius</strong></span> <span class='ocrx_word' id='word_1_209' title='bbox 984 3286 1284 3349; x_wconf 72' lang='lat' dir='ltr'><strong>puynasse</strong></span> <span class='ocrx_word' id='word_1_210' title='bbox 1327 3276 1532 3328; x_wconf 69' lang='lat' dir='ltr'><strong>conto-a</strong></span> <span class='ocrx_word' id='word_1_211' title='bbox 1577 3271 1878 3331; x_wconf 74' lang='lat' dir='ltr'><strong>veritatem</strong></span> <span class='ocrx_word' id='word_1_212' title='bbox 1918 3272 2206 3355; x_wconf 70' lang='lat' dir='ltr'><strong>puteris.“</strong></span> 
     </span>
    </p>

    <p class='ocr_par' dir='ltr' id='par_1_7' title="bbox 502 3358 2616 4173">
     <span class='ocr_line' id='line_1_30' title="bbox 676 3358 2616 3452; baseline 0.005 -28"><span class='ocrx_word' id='word_1_213' title='bbox 676 3358 931 3443; x_wconf 86' lang='lat' dir='ltr'><strong>Optime</strong></span> <span class='ocrx_word' id='word_1_214' title='bbox 974 3382 1129 3429; x_wconf 88' lang='lat' dir='ltr'><strong>sane</strong></span> <span class='ocrx_word' id='word_1_215' title='bbox 1172 3366 1421 3447; x_wconf 88' lang='lat' dir='ltr'><strong>utrique</strong></span> <span class='ocrx_word' id='word_1_216' title='bbox 1465 3366 1545 3431; x_wconf 90' lang='lat' dir='ltr'><strong>de</strong></span> <span class='ocrx_word' id='word_1_217' title='bbox 1591 3386 1658 3432; x_wconf 85' lang='lat' dir='ltr'><strong>re</strong></span> <span class='ocrx_word' id='word_1_218' title='bbox 1701 3368 1962 3452; x_wconf 85' lang='lat' dir='ltr'><strong>publica</strong></span> <span class='ocrx_word' id='word_1_219' title='bbox 1995 3371 2286 3435; x_wconf 86' lang='lat' dir='ltr'><strong>Romana</strong></span> <span class='ocrx_word' id='word_1_220' title='bbox 2331 3388 2616 3435; x_wconf 75' lang='lat' dir='ltr'><strong>commc-</strong></span> 
     </span>
     <span class='ocr_line' id='line_1_31' title="bbox 504 3461 2616 3553; baseline 0.005 -28"><span class='ocrx_word' id='word_1_221' title='bbox 504 3461 609 3525; x_wconf 88' lang='lat' dir='ltr'><strong>riti</strong></span> <span class='ocrx_word' id='word_1_222' title='bbox 670 3469 835 3527; x_wconf 87' lang='lat' dir='ltr'><strong>sunt.</strong></span> <span class='ocrx_word' id='word_1_223' title='bbox 944 3463 1226 3542; x_wconf 79' lang='lat' dir='ltr'><strong>Quorum</strong></span> <span class='ocrx_word' id='word_1_224' title='bbox 1287 3468 1640 3535; x_wconf 86' lang='lat' dir='ltr'><strong>Pinnenses</strong></span> <span class='ocrx_word' id='word_1_225' title='bbox 1665 3472 1712 3553; x_wconf 89' lang='lat'><strong>¹)</strong></span> <span class='ocrx_word' id='word_1_226' title='bbox 1777 3477 2022 3535; x_wconf 89' lang='lat' dir='ltr'><strong>tantam</strong></span> <span class='ocrx_word' id='word_1_227' title='bbox 2084 3472 2152 3535; x_wconf 89' lang='lat' dir='ltr'><strong>in</strong></span> <span class='ocrx_word' id='word_1_228' title='bbox 2213 3493 2356 3539; x_wconf 87' lang='lat' dir='ltr'><strong>eam</strong></span> <span class='ocrx_word' id='word_1_229' title='bbox 2417 3471 2616 3537; x_wconf 81' lang='lat' dir='ltr'><strong>fidem</strong></span> 
     </span>
     <span class='ocr_line' id='line_1_32' title="bbox 502 3564 2616 3659; baseline 0.005 -30"><span class='ocrx_word' id='word_1_230' title='bbox 502 3564 952 3650; x_wconf 84' lang='lat' dir='ltr'><strong>exhibuerunt,</strong></span> <span class='ocrx_word' id='word_1_231' title='bbox 1016 3574 1087 3633; x_wconf 89' lang='lat' dir='ltr'><strong>ut</strong></span> <span class='ocrx_word' id='word_1_232' title='bbox 1138 3588 1265 3634; x_wconf 86' lang='lat' dir='ltr'><strong>non</strong></span> <span class='ocrx_word' id='word_1_233' title='bbox 1310 3572 1501 3637; x_wconf 88' lang='lat' dir='ltr'><strong>modo</strong></span> <span class='ocrx_word' id='word_1_234' title='bbox 1544 3592 1808 3638; x_wconf 85' lang='lat' dir='ltr'><strong>causam</strong></span> <span class='ocrx_word' id='word_1_235' title='bbox 1851 3592 2034 3638; x_wconf 83' lang='lat' dir='ltr'><strong>suam</strong></span> <span class='ocrx_word' id='word_1_236' title='bbox 2079 3575 2164 3639; x_wconf 88' lang='lat' dir='ltr'><strong>ab</strong></span> <span class='ocrx_word' id='word_1_237' title='bbox 2205 3576 2450 3639; x_wconf 84' lang='lat' dir='ltr'><strong>Italicis</strong></span> <span class='ocrx_word' id='word_1_238' title='bbox 2493 3594 2616 3659; x_wconf 81' lang='lat' dir='ltr'><strong>po-</strong></span> 
     </span>
     <span class='ocr_line' id='line_1_33' title="bbox 502 3667 2616 3756; baseline 0.006 -27"><span class='ocrx_word' id='word_1_239' title='bbox 502 3667 961 3751; x_wconf 85' lang='lat' dir='ltr'><strong>pularibusque</strong></span> <span class='ocrx_word' id='word_1_240' title='bbox 1020 3672 1155 3737; x_wconf 85' lang='lat' dir='ltr'><strong>suis</strong></span> <span class='ocrx_word' id='word_1_241' title='bbox 1208 3672 1654 3756; x_wconf 55' lang='lat' dir='ltr'><strong>dissonarent,</strong></span> <span class='ocrx_word' id='word_1_242' title='bbox 1721 3676 1836 3740; x_wconf 89' lang='lat' dir='ltr'><strong>sed</strong></span> <span class='ocrx_word' id='word_1_243' title='bbox 1887 3676 2083 3741; x_wconf 86' lang='lat' dir='ltr'><strong>etiam</strong></span> <span class='ocrx_word' id='word_1_244' title='bbox 2137 3676 2399 3741; x_wconf 84' lang='lat' dir='ltr'><strong>obsessa</strong></span> <span class='ocrx_word' id='word_1_245' title='bbox 2451 3677 2616 3741; x_wconf 80' lang='lat' dir='ltr'><strong>urbe</strong></span> 
     </span>
     <span class='ocr_line' id='line_1_34' title="bbox 506 3770 2611 3863; baseline 0.008 -34"><span class='ocrx_word' id='word_1_246' title='bbox 506 3786 646 3831; x_wconf 86' lang='lat' dir='ltr'><strong>eum</strong></span> <span class='ocrx_word' id='word_1_247' title='bbox 700 3770 1053 3852; x_wconf 86' lang='lat' dir='ltr'><strong>imperator</strong></span> <span class='ocrx_word' id='word_1_248' title='bbox 1104 3774 1377 3840; x_wconf 85' lang='lat' dir='ltr'><strong>hostium</strong></span> <span class='ocrx_word' id='word_1_249' title='bbox 1432 3776 1668 3842; x_wconf 84' lang='lat' dir='ltr'><strong>liberos</strong></span> <span class='ocrx_word' id='word_1_250' title='bbox 1721 3796 1938 3843; x_wconf 85' lang='lat' dir='ltr'><strong>eorum</strong></span> <span class='ocrx_word' id='word_1_251' title='bbox 1993 3780 2284 3863; x_wconf 83' lang='lat' dir='ltr'><strong>captivos</strong></span> <span class='ocrx_word' id='word_1_252' title='bbox 2337 3780 2404 3844; x_wconf 86' lang='lat' dir='ltr'><strong>in</strong></span> <span class='ocrx_word' id='word_1_253' title='bbox 2459 3800 2611 3846; x_wconf 85' lang='lat' dir='ltr'><strong>con·</strong></span> 
     </span>
     <span class='ocr_line' id='line_1_35' title="bbox 506 3871 2610 3965; baseline 0.007 -32"><span class='ocrx_word' id='word_1_254' title='bbox 506 3877 727 3953; x_wconf 84' lang='lat' dir='ltr'><strong>spectu</strong></span> <span class='ocrx_word' id='word_1_255' title='bbox 770 3871 1055 3955; x_wconf 87' lang='lat' dir='ltr'><strong>ipsorum</strong></span> <span class='ocrx_word' id='word_1_256' title='bbox 1099 3878 1475 3945; x_wconf 82' lang='lat' dir='ltr'><strong>constitutos</strong></span> <span class='ocrx_word' id='word_1_257' title='bbox 1520 3878 1840 3946; x_wconf 82' lang='lat' dir='ltr'><strong>destrictis</strong></span> <span class='ocrx_word' id='word_1_258' title='bbox 1883 3882 2158 3947; x_wconf 86' lang='lat' dir='ltr'><strong>militum</strong></span> <span class='ocrx_word' id='word_1_259' title='bbox 2203 3882 2439 3965; x_wconf 85' lang='lat' dir='ltr'><strong>gladiis</strong></span> <span class='ocrx_word' id='word_1_260' title='bbox 2485 3884 2610 3948; x_wconf 85' lang='lat' dir='ltr'><strong>cir-</strong></span> 
     </span>
     <span class='ocr_line' id='line_1_36' title="bbox 508 3972 2611 4071; baseline 0.008 -36"><span class='ocrx_word' id='word_1_261' title='bbox 508 3972 954 4056; x_wconf 87' lang='lat' dir='ltr'><strong>cumdedisset‚</strong></span> <span class='ocrx_word' id='word_1_262' title='bbox 978 3977 1333 4043; x_wconf 87' lang='lat' dir='ltr'><strong>occisurum</strong></span> <span class='ocrx_word' id='word_1_263' title='bbox 1354 4000 1423 4046; x_wconf 90' lang='lat' dir='ltr'><strong>se</strong></span> <span class='ocrx_word' id='word_1_264' title='bbox 1443 3982 1766 4062; x_wconf 78' lang='lat' dir='ltr'><strong>minitanS‚</strong></span> <span class='ocrx_word' id='word_1_265' title='bbox 1795 3983 1918 4049; x_wconf 86' lang='lat' dir='ltr'><strong>nisi</strong></span> <span class='ocrx_word' id='word_1_266' title='bbox 1939 3985 2158 4051; x_wconf 89' lang='lat' dir='ltr'><strong>urbem</strong></span> <span class='ocrx_word' id='word_1_267' title='bbox 2176 3985 2611 4071; x_wconf 83' lang='lat' dir='ltr'><strong>tradidissent,</strong></span> 
     </span>
     <span class='ocr_line' id='line_1_37' title="bbox 505 4073 2606 4173; baseline 0.009 -36"><span class='ocrx_word' id='word_1_268' title='bbox 505 4073 723 4140; x_wconf 86' lang='lat' dir='ltr'><strong>liberis</strong></span> <span class='ocrx_word' id='word_1_269' title='bbox 742 4096 812 4141; x_wconf 90' lang='lat' dir='ltr'><strong>se</strong></span> <span class='ocrx_word' id='word_1_270' title='bbox 830 4077 1089 4143; x_wconf 84' lang='lat' dir='ltr'><strong>orbatos</strong></span> <span class='ocrx_word' id='word_1_271' title='bbox 1106 4081 1562 4165; x_wconf 87' lang='lat' dir='ltr'><strong>responderent</strong></span> <span class='ocrx_word' id='word_1_272' title='bbox 1577 4084 1834 4151; x_wconf 85' lang='lat' dir='ltr'><strong>facilius</strong></span> <span class='ocrx_word' id='word_1_273' title='bbox 1851 4086 2166 4167; x_wconf 86' lang='lat' dir='ltr'><strong>quidlibet</strong></span> <span class='ocrx_word' id='word_1_274' title='bbox 2175 4089 2606 4173; x_wconf 76' lang='lat' dir='ltr'><strong>expedituros,</strong></span> 
     </span>
    </p>

    <p class='ocr_par' dir='ltr' id='par_1_8' title="bbox 692 4194 2654 4263">
     <span class='ocr_line' id='line_1_38' title="bbox 692 4194 2654 4263; baseline 0.002 -16"><span class='ocrx_word' id='word_1_275' title='bbox 692 4196 733 4263; x_wconf 83' lang='lat'><strong>¹)</strong></span> <span class='ocrx_word' id='word_1_276' title='bbox 770 4194 923 4252; x_wconf 73' lang='lat' dir='ltr'><strong>Diod.</strong></span> <span class='ocrx_word' id='word_1_277' title='bbox 960 4194 1177 4261; x_wconf 82' lang='lat' dir='ltr'><strong>xxvn,</strong></span> <span class='ocrx_word' id='word_1_278' title='bbox 1211 4198 1405 4251; x_wconf 77' lang='lat'>29-31</span> <span class='ocrx_word' id='word_1_279' title='bbox 2650 4202 2654 4207; x_wconf 72' lang='grc'><em>’</em></span> 
     </span>
    </p>
   </div>
   <div class='ocr_carea' id='block_1_4' title="bbox 501 4169 914 4181">
    <p class='ocr_par' dir='ltr' id='par_1_9' title="bbox 501 4169 914 4181">
     <span class='ocr_line' id='line_1_39' title="bbox 501 4169 914 4181; baseline 0 744"><span class='ocrx_word' id='word_1_280' title='bbox 501 4169 914 4181; x_wconf 95' lang='lat' dir='ltr'><strong> </strong></span> 
     </span>
    </p>
   </div>
  </div>
 </body>
</html>
