3117 4925
1572 403 1654 469 53

565 614 752 675 vocat
793 609 859 674 in
905 608 1164 674 dubium
1183 608 1250 690 ¹),
1297 614 1504 692 potest
1549 630 1590 673 a
1634 630 1703 675 se
1746 610 2104 694 impetrare,
2143 616 2212 674 ut
2255 609 2495 675 fontem
2533 611 2663 695 Ap-

566 712 739 796 piani
799 710 1140 777 diffiteatur
1183 712 1398 777 Sileno
1455 712 1653 778 fuisse
1695 712 2049 777 finitimum.
2139 712 2329 794 Atqui
2376 710 2595 777 Cicero
2617 712 2665 795 ²)

460 876 468 883 .
567 814 754 880 certis
791 814 1000 879 verbis
1039 813 1224 879 docet
1260 814 1526 879 eundem
1548 814 1833 881 Silenum
1870 820 2153 879 secutum
2191 834 2329 879 esse
2360 813 2662 897 Coelium,

567 937 906 1000 omnesque
963 916 1081 982 viri
1138 916 1333 999 docti,
1402 916 1826 1001 quotquot'in
1882 917 2049 982 hunc
2103 916 2473 1001 scriptorem
2522 916 2663 981 dili-

563 1020 812 1103 gentius
873 1020 1359 1104 inquisiverunt,
1442 1021 1508 1085 in
1574 1020 1797 1086 eadem
1860 1020 2267 1104 perstiterunt
2331 1019 2661 1086 sententia.

563 1122 748 1189 Unde
801 1123 898 1205 fit,
965 1130 1032 1187 ut
1075 1127 1138 1188 et
1185 1144 1382 1205 quare
1437 1128 1790 1205 congruant
1834 1122 2052 1186 Livius
2098 1122 2559 1206 Appianusque
2603 1129 2665 1187 ct

565 1245 676 1291 cur
718 1225 882 1290 inter
919 1244 1057 1291 sese
1094 1224 1389 1291 differant
1425 1224 1504 1291 de
1541 1224 1810 1307 singulis
1846 1226 2053 1307 rchS,
2099 1222 2288 1289 facile
2325 1230 2661 1309 appareat:

563 1328 739 1405 illud,
777 1328 949 1411 quod
976 1328 1245 1393 fontium
1272 1347 1488 1393 eorum
1517 1327 1915 1391 narrationes
1950 1347 2029 1391 ex
2064 1346 2189 1391 uno
2226 1333 2415 1410 atque
2442 1327 2663 1394 eodem

565 1437 841 1514 auctore,
882 1431 1118 1514 Silen0‚
1157 1429 1396 1515 petitae
1432 1436 1605 1512 sunt3
1645 1429 1765 1494 hoc
1802 1430 1953 1512 quia
1992 1450 2131 1494 cum
2169 1450 2283 1511 per
2311 1450 2378 1494 se
2406 1449 2665 1495 necesse

565 1535 646 1599 sit
680 1554 905 1618 puram
942 1534 1181 1599 famam
1220 1532 1657 1619 principalem,
1696 1532 1749 1597 si
1786 1552 1901 1616 per
1935 1532 2147 1617 plures
2177 1538 2499 1615 tamquam
2533 1552 2665 1595 am-

563 1635 895 1719 bulaverit,
943 1636 1281 1720 paullatim
1327 1635 1587 1716 turbari,
1636 1642 1769 1700 tum
1814 1656 1963 1700 vero
2001 1640 2248 1700 constat
2284 1641 2345 1699 et
2382 1633 2665 1699 Coelium

564 1759 599 1803 e
645 1738 946 1803 Romanis
1006 1738 1337 1803 annalium
1383 1737 1796 1823 scriptoribus
1848 1736 2154 1801 nonnulla
2206 1734 2597 1820 adspersisse
2617 1735 2664 1815 ³)

567 1847 630 1905 et
675 1840 1038 1926 Appianum
1085 1860 1226 1909 cum
1265 1839 1677 1905 summarium
1722 1844 1963 1903 tantum
2008 1838 2309 1903 historiae
2354 1836 2475 1901 sibi
2522 1857 2662 1921 pro-

508 1996 511 1999 .
563 1942 874 2027 posuisset
911 1944 1326 2023 conscribere,
1345 1941 1400 2010 4)
1430 1940 1707 2007 fontibus
1727 1941 1955 2025 partim
1976 1932 2413 2024 neglegentius
2433 1940 2665 2024 partim

565 2046 835 2129 carptim
881 2045 1112 2130 partim
1156 2043 1250 2108 ita
1294 2050 1363 2109 ut
1410 2043 1810 2110 contraheret
1854 2064 2036 2109 usum
2081 2064 2237 2109 esse.

695 2147 1033 2232 Polybium
1053 2146 1325 2229 denique
1345 2146 1750 2229 perspicuum
1769 2150 1863 2209 est
1880 2165 2137 2230 prorsus
2157 2144 2441 2211 diversos
2461 2146 2543 2210 ab
2564 2146 2663 2211 his

563 2249 860 2314 habuisse
894 2233 1210 2312 auctores:
1243 2266 1436 2330 quare
1467 2246 1546 2312 de
1575 2245 1653 2312 iis
1675 2266 1977 2329 quaerere
1994 2248 2377 2333 superfluum
2396 2247 2662 2314 videtur.

733 2352 1086 2431 PostremO,
1148 2355 1244 2431 ut,
1311 2367 1475 2431 quae
1536 2348 1601 2413 in
1666 2349 1985 2414 narranda
2050 2350 2172 2414 hac
2225 2350 2445 2415 fabula
2499 2352 2664 2416 inter

562 2473 770 2518 rerum
825 2452 1162 2537 scriptores
1213 2449 1564 2516 intercedat
1618 2450 2047 2534 necessitudo,
2110 2451 2363 2518 facilius
2418 2452 2662 2520 intelle-

561 2561 770 2638 gatur,
819 2555 939 2619 hoc
985 2554 1242 2619 schema
1288 2551 1526 2618 adicio:

1015 2655 1322 2740 Polybius
1499 2654 1752 2721 Silenus

1471 2763 1763 2910 Λ

1278 2915 1534 3011 Coelius
1722 2914 1809 3102 -ΙΙ-

1414 3119 1631 3184 Livius
1688 3119 2020 3204 Appianus
2379 3186 2391 3196 ,

731 3222 1175 3286 Demonstravi
1229 3222 1421 3304 igitur
1464 3221 1598 3286 veri
1654 3222 1859 3288 simile
1904 3243 2042 3288 esse
2089 3222 2492 3289 Cornificium
2536 3225 2659 3290 sin-

559 3324 744 3406 gulas
807 3344 906 3388 res
967 3323 1088 3388 hoc
1144 3325 1435 3408 exemplo
1506 3325 1898 3407 significatas
1954 3333 2252 3411 acceptas
2312 3327 2545 3392 referre
2588 3326 2657 3390 L.

561 3425 776 3490 Coelio
813 3425 1176 3510 Antipatro:
1226 3426 1403 3490 cuius
1442 3426 1586 3492 libri
1624 3434 1885 3512 septem,
1934 3449 2071 3493 cum
2114 3427 2180 3493 C.
2221 3429 2496 3494 Gracchi
2530 3429 2661 3493 fere

561 3527 949 3612 temporibus
994 3527 1272 3610 evolgati
1305 3528 1640 3593 videantur
1676 3567 1759 3574 —-
1796 3530 1954 3594 nihil
1990 3531 2183 3614 igitur
2219 3538 2461 3616 pugnat
2504 3537 2658 3596 tem-

561 3631 732 3714 poris
786 3630 949 3696 ratio
995 3667 1104 3713 -—-,
1161 3629 1377 3695 dubito
1434 3652 1516 3694 an
1572 3653 1650 3696 ea
1676 3633 2091 3716 potissimum
2138 3654 2332 3698 causa
2374 3633 2659 3698 Rhetori-

561 3753 776 3798 corum
831 3733 1156 3818 scriptoris
1210 3735 1489 3798 animum
1545 3735 1630 3798 ad
1684 3735 2021 3816 legendum
2067 3736 2427 3819 allexerint,
2492 3735 2662 3819 quod

561 3835 814 3900 Coelius
853 3835 1109 3920 primus,
1151 3837 1466 3901 Graecum
1505 3837 1823 3902 hominem
1860 3847 2131 3921 secutus,
2170 3839 2351 3904 fictas
2381 3839 2657 3904 oratiun-

563 3939 738 4002 culas
783 3937 1006 4021 bellas,
1054 3947 1122 4002 ut
1167 3939 1432 4019 videtur,
1481 3939 1783 4004 historiae
1828 3939 2196 4007 inseruerat.

733 4059 774 4125 1)
811 4035 1069 4112 hisfflat.
1106 4055 1197 4108 rel.
1237 4055 1493 4110 ccxxx.
1569 4054 1611 4125 ²)
1650 4057 1853 4112 cle-div.
1890 4057 1930 4120 1,
1967 4059 2049 4122 24,
2086 4060 2166 4113 49.

731 4143 772 4210 ³)
811 4142 876 4196 cf.
914 4142 1165 4194 Peterum
1199 4141 1234 4193 1.
1273 4158 1314 4196 c.
1352 4159 1402 4208 p.
1441 4141 1609 4194 CLIV
1648 4143 1704 4195 et
1740 4143 1893 4196 CLV.

729 4227 774 4300 ⁴)
813 4226 878 4281 cf.
915 4227 1293 4309 praefationem
1332 4226 1563 4296 Appiani
1600 4227 1723 4282 inde
1760 4245 1804 4282 a.
1842 4243 1885 4283 ο.
1922 4227 2041 4293 ΧΠ,
