3117 4925
1548 378 1645 445 ·51

557 590 768 655 hostes
815 588 1162 654 Canusium
1225 586 1526 669 evadunt,
1592 585 1765 668 iique
1829 582 1951 668 ipsi
2014 602 2259 663 omneS,
2325 603 2452 647 non
2506 602 2654 667 pars

559 694 778 757 minor.
859 690 1104 755 Eodem
1150 689 1334 755 modo
1381 689 1760 754 Plutarchus
1806 687 1885 752 de
1930 705 2190 750 numero
2237 684 2651 769 captivorum,

557 818 701 862 cum
759 794 1110 859 consentire
1141 792 1445 859 ·videatur
1497 813 1640 855 cum
1684 791 1896 873 Livio,
1960 787 2251 853 dissentit
2308 794 2527 871 aperte
2572 788 2653 853 ab

557 898 878 982 Appiano:
944 897 998 961 si
1053 886 1304 979 quidem
1359 896 1466 961 ille
1517 914 1645 959 non
1698 894 1905 959 minus
1952 891 2168 957 decem
2215 890 2415 955 millia
2465 896 2654 974 capta

559 1020 718 1082 esse,
767 999 867 1065 hic
916 1000 1194 1083 quinque
1239 997 1434 1063 tradit
1479 998 1695 1062 millia.

727 1102 1006 1182 Quorsus
1067 1103 1228 1167 haec
1280 1100 1494 1165 omnia
1547 1100 2008 1164 commemoro?
2097 1098 2182 1163 Ut
2233 1097 2656 1164 demonstrem

558 1226 722 1287 quae
784 1206 1008 1287 cuique
1070 1226 1274 1269 rerum
1340 1203 1713 1286 scriptorum
1775 1202 1840 1265 in
1892 1200 2247 1267 enarranda
2302 1208 2653 1265 castrorum

556 1309 984 1373 Romanorum
1031 1306 1396 1372 obsessione
1441 1325 1581 1369 cum
1621 1304 1799 1371 Livio
1836 1302 2185 1369 intercedat
2230 1302 2651 1369 necessitudo,

556 1410 770 1475 Primo
821 1410 988 1475 enim
1043 1409 1182 1474 loco
1236 1407 1587 1494 principale
1642 1394 1957 1490 quoddam
2014 1405 2349 1473 discrimen
2394 1406 2655 1472 interest

556 1513 720 1579 inter
753 1512 1090 1597 Polybium
1127 1518 1190 1577 et
1226 1512 1472 1575 Livium
1512 1510 1921 1574 Plutarchum
1950 1510 2337 1595 Appianum3
2375 1508 2654 1575 secundo

557 1618 696 1681 loco
761 1617 972 1701 specie
1033 1614 1267 1699 magis,
1333 1634 1524 1695 quam
1580 1634 1811 1695 genere
1866 1612 2159 1678 differunt
2206 1612 2539 1697 Appianas
2592 1618 2655 1677 et

558 1718 776 1784 Livius
815 1718 1334 1799 Plutarchusquc.
1411 1716 1592 1793 Quae
1628 1715 1992 1779 discrimina
2030 1714 2654 1797 necessitudinesque

558 1821 724 1885 unde
771 1821 1106 1903 extiterint,
1157 1819 1370 1884 sta-tim
1416 1818 1788 1884 videbimus

727 1924 930 1989 Nemo
976 1924 1168 2007 igitur
1211 1929 1306 1988 est
1351 1944 1556 1988 rerum
1602 1920 2049 2005 scriptor,'qui
2095 1920 2383 2002 singulas
2428 1941 2527 1985 res
2564 1920 2654 1985 ita

559 2026 895 2109 describat,
931 2032 1000 2090 ut
1029 2028 1220 2111 plane
1247 2026 1312 2089 in
1345 2046 1454 2091 cas
1475 2024 1831 2109 exemplum
1854 2023 2345 2090 Cornificianum
2366 2022 2654 2107 quadret,

559 2130 679 2193 nisi
716 2129 954 2195 Livius.
1031 2129 1215 2207 Quod
1251 2129 1304 2195 si
1341 2129 1430 2193 ita
1467 2135 1581 2211 cst,
1628 2128 1929 2210 sequitur,
1976 2134 2045 2193 ut
2082 2126 2471 2210 CornificiuS,
2512 2147 2654 2193 cum

557 2232 758 2315 ipsius
802 2232 966 2296 Livii
1027 2234 1107 2296 ab
1164 2233 1316 2297 urbe
1373 2229 1629 2297 condita
1681 2230 1825 2295 libri
1878 2229 2157 2295 nondum
2203 2236 2492 2296 extarent
2543 2231 2653 2296 illo

557 2340 859 2416 tempore,
904 2333 1146 2397 fontem
1191 2334 1326 2397 eius
1371 2334 1770 2417 usurpaverit
1814 2334 2027 2414 talem,
2074 2333 2182 2415 qui
2225 2340 2479 2417 praesto
2516 2354 2654 2400 esse

558 2434 615 2500 ei
671 2440 901 2518 posset.
990 2435 1198 2518 Atque
1261 2440 1575 2516 auctoreS‚
1643 2453 1801 2517 quos
1864 2440 2147 2499 secutum
2200 2454 2268 2500 se
2332 2456 2472 2502 esse
2515 2435 2654 2521 ipse

557 2537 647 2601 ait
674 2537 912 2620 LiviuS,
949 2537 1014 2602 hi
1052 2537 1414 2602 laudantur:
1455 2536 1693 2601 Fabius
1722 2536 1953 2618 Pictor,
1992 2537 2247 2602 Cincius
2282 2538 2653 2622 Alimentus,

559 2640 625 2705 G.
664 2640 854 2705 Acilii
898 2640 1306 2706 historiarum
1350 2639 1585 2705 latinus
1631 2639 1941 2725 interpres
1988 2638 2312 2721 Claudius,
2361 2640 2655 2707 Valerius

557 2745 815 2827 Antias,
873 2744 1177 2810 Claudius
1223 2742 1709 2826 Quadrigarius3
1775 2743 1981 2808 fontes
2044 2749 2258 2807 autem
2322 2743 2655 2828 primarios

554 2847 752 2912 fuisse
788 2847 1121 2932 Polybium
1168 2854 1230 2913 et
1267 2847 1335 2910 L.
1377 2846 1661 2935 Coelium
1698 2847 2103 2932 Antipatrum
2148 2867 2275 2912 non
2319 2847 2448 2911 iam
2492 2847 2655 2912 inter

556 2951 846 3014 homines
891 2950 1109 3014 doctos
1157 2956 1365 3033 potest
1411 2969 1510 3013 me
1546 2949 1756 3014 iudice
1790 2949 2047 3032 ambigi.
2122 2950 2402 3027 Quorum
2440 2952 2652 3016 nescio

559 3072 641 3115 an
687 3051 769 3116 ab
813 3051 924 3115 illo
970 3051 1300 3134 diligentia
1345 3051 1412 3115 in
1457 3050 1820 3134 cognitione
1863 3072 2070 3117 rerum
2116 3052 2515 3137 indaganda,
2574 3056 2655 3120 ab

557 3153 674 3218 hoc
721 3160 782 3219 ct
835 3154 1094 3237 egregia
1149 3155 1539 3238 singularum
1596 3175 1801 3220 rerum
1846 3155 2073 3221 notitia
2117 3162 2180 3221 et
2227 3177 2458 3239 genere
2503 3159 2653 3224 scri-

556 3256 746 3321 bendi
791 3257 1010 3340 aliqua
1063 3265 1243 3342 parte
1290 3259 1633 3340 ornatiore,
1700 3278 1888 3340 quam
1935 3259 2213 3343 priorum
2259 3259 2527 3326 allectus
2572 3262 2655 3328 sit

558 3363 751 3440 atque
809 3359 1176 3424 delectatus.
1279 3359 1463 3438 Quod
1519 3381 1661 3424 eum
1714 3382 1749 3426 e
1804 3361 2203 3428 multitudine
2258 3363 2537 3428 locorum
2594 3371 2655 3430 et

558 3482 597 3524 a
635 3461 1045 3526 Lachmanno
1067 3463 1114 3546 ¹)
1161 3471 1223 3527 et
1261 3486 1300 3528 a
1337 3465 1561 3528 Petero
1580 3466 1631 3546 ²)
1680 3464 2081 3528 collectorum
2120 3473 2653 3549 comparatorum-

559 3584 678 3646 que
733 3565 944 3647 colligi
1000 3565 1224 3650 possit,
1291 3585 1508 3630 omnes
1551 3566 1685 3631 fere
1730 3567 2234 3633 narratiunculas
2288 3588 2425 3650 eaS,
2491 3589 2655 3651 quae

555 3686 834 3749 pugnam
901 3667 1294 3733 Cannensem
1361 3670 1805 3752 subsecuntur,
1870 3670 2126 3754 petiisse
2189 3669 2436 3735 Livium
2492 3693 2527 3736 e
2580 3673 2652 3738 L.

558 3767 773 3834 Coelio
817 3769 1182 3854 Antipatro,
1249 3778 1377 3837 tum
1424 3792 1575 3836 vero
1622 3771 1966 3838 certissime
2010 3773 2175 3838 hunc
2220 3773 2425 3858 ipsum
2472 3775 2655 3840 huius

555 3870 812 3936 fabulae
875 3878 1191 3938 auctorem
1253 3874 1494 3939 habuit.
1594 3875 1712 3940 His
1775 3875 1941 3960 enirn
1998 3877 2209 3941 verbis
2271 3884 2655 3961 strategema

559 3974 880 4058 quoddam
926 3975 1231 4041 Tuditani
1277 3978 1496 4042 refert:
1519 3976 1573 4062 ³)

731 4111 769 4177 ¹)
807 4111 871 4164 de
907 4112 1034 4166 font.
1073 4112 1185 4164 Liv.
1223 4130 1352 4166 com.
1392 4111 1441 4164 ΙΙ
1476 4130 1526 4180 p.
1566 4114 1647 4168 45.

729 4194 770 4269 ²)
805 4197 930 4256 hist,
967 4198 1061 4260 lat.
1099 4199 1190 4255 rel.
1228 4217 1278 4276 p.
1317 4197 1650 4258 CCXXVIII.
1724 4198 1767 4274 ⁸)
1801 4199 1969 4266 XXII,
2008 4203 2089 4265 50,
2131 4203 2208 4256 11.

2082 4307 2244 4370 .4*
