3117 4925
1525 395 1610 500 5⁷

516 601 974 683 Hannibalem,
1040 622 1079 664 a
1138 620 1261 683 quo
1317 621 1397 666 ex
1448 601 1718 684 ingratis
1781 599 2162 684 perfidisque
2213 599 2618 683 popularium

519 703 748 768 animis
781 723 1097 768 summum
1128 703 1409 768 dolorem
1437 703 1726 786 iramque
1751 703 2113 788 percepisse
2141 702 2410 768 traditus
2429 708 2615 784 esset,

520 805 587 870 id
634 827 887 889 quoque
932 805 1180 870 consilii
1224 805 1545 870 ineuntem
1590 826 1730 871 esse
1775 804 2127 888 inductum,
2184 811 2252 870 ut
2297 805 2362 869 in
2407 805 2614 887 Italia,

521 909 633 974 ubi
687 899 963 973 sedecim
1022 927 1222 972 annos
1276 909 1478 972 victor
1533 907 1976 990 transegisset,
2039 913 2392 973 remaneret
2445 913 2507 972 et
2551 907 2618 970 in

526 1030 605 1074 ea
647 1016 835 1091 terra,
883 1030 1048 1092 quae
1091 1010 1273 1074 testis
1319 1030 1531 1074 rerum
1576 1016 1902 1092 gestarum
1937 1029 2194 1074 suarum
2228 1009 2472 1092 fuisset,
2517 1009 2618 1074 vel

515 1111 835 1176 fortunam
870 1112 1220 1197 periclitari
1248 1112 1351 1177 vel
1378 1113 1624 1178 fortiter
1651 1132 1946 1195 pugnans
1974 1111 2143 1177 diem
2173 1112 2349 1178 obire
2382 1112 2600 1176 mallet

518 1234 708 1297 quam
760 1215 1049 1298 ingratae
1100 1215 1348 1300 patriae
1400 1236 1764 1281 succurrere
1807 1215 2102 1298 vincique
2147 1215 2228 1280 ab
2271 1214 2377 1296 iis,
2441 1234 2622 1297 quos,

517 1317 703 1382 toties
747 1317 1165 1400 profligasset.
1255 1317 1524 1383 Accedit
1568 1318 1724 1400 huc,
1781 1317 1952 1400 quod
1996 1316 2168 1382 haud
2215 1317 2345 1382 scio
2393 1338 2477 1381 an
2520 1316 2616 1381 Si-

518 1418 727 1501 lenus,
792 1440 977 1502 quem
1035 1427 1408 1504 usurpatum
1453 1440 1595 1485 esse
1627 1421 1723 1485 ‘ab
1767 1419 2068 1504 Appiano
2113 1439 2307 1504 supra
2351 1439 2618 1484 comme-

518 1521 902 1586 moravimus
950 1521 1033 1604 (p.
1079 1523 1251 1603 122),
1317 1542 1458 1586 cum
1512 1542 1594 1586 ex
1647 1521 1888 1587 intimis
1945 1521 2168 1587 fuisset
2219 1521 2618 1603 HannibaliS,

517 1622 707 1688 facile
763 1624 955 1688 etiam
1010 1624 1223 1689 subita
1275 1624 1411 1690 eius
1458 1633 1521 1690 et
1566 1645 1805 1690 arcana
1851 1625 2166 1707 quaedam
2213 1623 2482 1689 consilia
2525 1621 2618 1686 di-

521 1725 763 1791 dicerit.
856 1725 986 1791 Sed
1046 1733 1114 1790 ut
1176 1726 1255 1792 sit
1290 1717 1533 1792 'fictum
1598 1748 1637 1790 a
1699 1726 2036 1792 Cornificio
2099 1725 2478 1790 Hannibalis
2540 1723 2620 1788 de

520 1827 913 1894 Alexandria
976 1828 1352 1912 occupanda
1416 1819 1752 1894 consilium
1797 1866 1880 1874 ——
1939 1827 2111 1913 quod
2171 1849 2211 1892 a
2271 1846 2370 1891 me
2431 1826 2621 1910 plane

519 1951 645 1995 non
709 1951 967 2015 possum
1021 1930 1363 2015 impetrare
1417 1937 1485 1996 ut
1555 1931 1812 1997 credam
1857 1967 1940 1976 —-
1984 1937 2200 1995 tamen
2253 1935 2502 1994 constat
2553 1928 2622 1992 id

518 2031 731 2116 ipsum
778 2032 932 2115 fingi
978 2034 1261 2115 potuisse
1306 2033 1431 2098 nisi
1475 2035 1556 2099 ab
1605 2054 1708 2116 eo,
1774 2033 1884 2116 qui
1941 2033 2212 2098 similem
2257 2038 2449 2114 atque
2491 2031 2620 2115 Ap-

529 2133 759 2217 pianus
814 2141 962 2199 ante
1016 2136 1231 2202 oculos
1287 2135 1582 2199 habuerit
1635 2142 1984 2216 auctorem,
2049 2156 2088 2198 a
2139 2135 2331 2200 nullo.
2421 2132 2623 2211 Quem

523 2242 737 2299 autem
798 2235 996 2299 alium
1056 2227 1255 2300 fuisse
1317 2256 1460 2301 eum
1524 2241 2018 2302 consentaneum
2072 2244 2192 2317 est,
2257 2236 2381 2301 nisi
2432 2235 2620 2317 hunc,

524 2356 713 2418 quem
759 2336 923 2416 dico,
970 2336 1301 2402 Coelium?

694 2437 1008 2517 Quoniam
1052 2438 1245 2522 igitur
1287 2439 1562 2523 vestigia
1602 2439 1796 2506 fontis
1832 2439 2239 2506 Cornificiani
2276 2439 2611 2524 diligenter

524 2542 789 2609 scrutati
834 2542 1047 2606 omnia
1102 2541 1322 2607 eodem
1376 2542 1539 2607 ferre
1582 2543 2042 2625 intelleximus,
2108 2542 2391 2608 effecisse
2435 2543 2620 2608 nobis

523 2644 839 2727 videmur,
887 2644 1287 2728 scriptorem,
1344 2664 1486 2708 cum
1532 2666 1612 2710 ex
1659 2644 1974 2711 historicis
2028 2664 2216 2728 posse
2261 2665 2329 2710 se
2374 2665 2623 2711 sumere

526 2746 820 2831 exempla
863 2745 1277 2811 affirmaverit
1322 2746 1451 2829 (IV,
1498 2746 1682 2829 517),
1737 2751 1870 2810 tum
1915 2766 1994 2812 ea
2039 2753 2235 2829 certe,
2281 2746 2349 2810 in
2395 2747 2622 2829 quibus

527 2848 605 2913 de
651 2849 817 2915 bello
853 2849 1276 2914 Hannibalico
1314 2850 1544 2932 agitur,
1592 2869 1627 2913 e
1665 2857 1834 2913 certo
1871 2848 2276 2913 historiarum
2315 2848 2620 2933 scriptore

526 2952 803 3035 petiisse,
850 2952 921 3017 L.
969 2952 1187 3017 Coelio
1230 2951 1587 3036 Antipatro.

695 3056 864 3119 Num
927 3053 1095 3120 idem
1152 3055 1438 3137 singulas
1493 3075 1591 3120 res
1645 3053 2038 3139 superiorum
2092 3060 2444 3139 temporum
2496 3074 2624 3119 non

525 3157 732 3219 minus
778 3162 1076 3219 accurate
1113 3165 1468 3241 compertas
1506 3157 1819 3240 habuerit,
1867 3179 1993 3223 non
2034 3158 2261 3241 liquet,
2309 3177 2452 3221 cum
2488 3156 2624 3221 sine

527 3255 719 3322 dubio
782 3260 953 3341 apud
1016 3278 1233 3325 omnes
1298 3262 1621 3325 Romanos
1683 3261 2124 3345 pervolgatum
2185 3260 2403 3343 fuerit,
2466 3284 2626 3335 „non

514 3360 702 3446 facile
782 3383 853 3424 ex
928 3362 1116 3424 Italia
1194 3366 1470 3426 materim
1540 3364 2005 3441 Transalpinam
2083 3364 2391 3450 depulsam
2469 3370 2626 3427 esse“

528 3462 667 3542 (IV,
716 3462 825 3543 32,
884 3461 1015 3543 43).
1121 3462 1235 3526 Est
1296 3463 1466 3527 enim
1530 3464 2058 3529 considerandum
2120 3464 2232 3527 illa
2292 3463 2625 3528 vetustatis

528 3564 653 3629 situ
690 3564 915 3628 obruta
952 3564 1204 3628 omnino
1239 3557 1363 3629 non
1401 3565 1635 3631 idonea
1671 3566 1870 3632 fuisse
1907 3565 1993 3630 ad
2029 3566 2338 3649 exempla,
2387 3564 2625 3649 quippe

530 3666 755 3747 quibus
802 3665 956 3730 artis
1001 3674 1345 3752 praecepta
1390 3675 1601 3734 essent
1636 3668 2062 3754 explananda.
2137 3670 2360 3752 Neque
2395 3668 2622 3751 magiS,

528 3788 630 3833 me
695 3767 953 3851 quidem
1008 3768 1221 3834 iudice
1284 3770 1596 3854 singulari
1648 3773 2039 3838 Graecarum
2095 3792 2300 3837 rerum
2357 3770 2627 3836 scientia

528 3871 725 3936 fuisse
788 3871 1154 3956 scriptorem
1216 3894 1297 3938 ex
1351 3893 1476 3937 uno
1530 3874 1848 3957 exemplo,
1927 3895 2050 3958 quo
2112 3878 2430 3950 „sarissae,
2493 3877 2536 3937 i.
2579 3897 2627 3939 e.

530 3976 911 4048 Macedone&
975 3999 1093 4038 non
1159 3988 1278 4039 tam
1335 3981 1447 4041 cito
1499 3976 1784 4043 Graeciae
1835 3982 2062 4066 potitae
2113 3984 2270 4043 esse“
2331 3975 2628 4041 dicuntur

531 4076 661 4159 (IV,
706 4078 809 4159 32,
854 4076 996 4160 43),
1053 4078 1508 4162 suspicandum
1554 4086 1681 4160 est,
1738 4100 1880 4144 cum
1925 4079 1993 4143 id
2035 4079 2226 4145 facile
2270 4099 2351 4145 ex
2394 4077 2624 4143 oratio-

529 4176 713 4242 nibus
757 4178 1293 4261 Demosthenicis,
1359 4180 1425 4244 in
1481 4182 1711 4263 quibus
1764 4181 2072 4266 imprimis
2128 4187 2422 4248 versatus
2469 4186 2623 4261 erat,

529 4280 803 4364 potuerit
849 4281 1112 4347 discere.

2153 4401 2182 4435 ’Β
