3117 4925
1525 360 1610 426 48

514 564 714 633 tradit
774 565 1037 632 Livius?
1060 565 1105 648 ¹)
1210 568 1536 635 Romanus
1609 568 1922 636 exercitus
1985 567 2072 634 ad
2130 568 2621 638 internecionem

518 668 834 750 devictus;
892 669 1056 734 alter
1100 670 1321 734 consul
1367 691 1507 734 cum
1556 669 1772 735 multis
1817 670 2082 736 tribunis
2129 671 2422 753 militum,
2471 693 2618 756 con,-

522 771 863 858 sularibus,
882 772 1219 858 praetoriis
1238 771 1553 840 aediliciis
1573 771 1972 838 senatoribus
1992 773 2330 838 senatoriis
2341 774 2620 856 occisus3

517 875 680 942 alter
732 874 955 942 consul
1008 873 1119 940 vix
1172 894 1316 942 cum
1376 875 1842 958 quinquaginta
1905 875 2224 958 equitibus
2284 875 2440 960 fuga
2492 896 2616 944 ser-

517 983 723 1042 vatus.
770 976 998 1059 Ceteri,
1038 976 1145 1060 qui
1180 977 1307 1064 ipsi
1344 977 1527 1044 caedi
1565 977 1938 1066 superstites
1975 983 2175 1060 erant,
2214 978 2269 1042 si
2303 999 2344 1043 a
2374 977 2620 1044 duobus

516 1078 797 1145 millibus
860 1078 1129 1144 militum
1188 1079 1255 1144 in
1305 1079 1449 1145 vico
1504 1079 1740 1144 Cannis
1793 1079 1876 1144 ab
1933 1079 2220 1161 equitatu
2263 1079 2618 1144 Poenorum

518 1180 963 1248 circumventis
1010 1181 1365 1266 occisisque
1409 1179 1780 1250 discesseris
1793 1232 1810 1264 ,
1873 1183 1939 1246 in
1993 1180 2144 1246 bina
2187 1182 2616 1248 Romanorum

516 1291 727 1350 castra
790 1283 875 1350 ad
925 1283 1225 1376 Aufidum
1286 1283 1412 1349 sita
1474 1284 1922 1366 confugerunt,
2005 1283 2208 1349 millia
2269 1282 2492 1348 decem
2550 1282 2618 1350 in

515 1386 783 1468 maiora,
842 1392 1086 1470 septem
1140 1386 1206 1452 in
1262 1386 1525 1453 minora.
1617 1387 1716 1451 Ibi
1770 1407 1912 1468 cum
1946 1385 2300 1450 'multitudo
2362 1385 2618 1452 semier-

514 1489 636 1555 mis
672 1486 763 1570 (Ῥ)
808 1488 945 1552 sine
992 1487 1258 1554 ducibus
1304 1495 1490 1570 esset,
1538 1489 1815 1555 tenebris
1861 1487 2100 1555 obortis
2144 1487 2461 1570 nuntium,
2509 1490 2618 1571 qui

514 1589 587 1654 in
628 1588 977 1654 maioribus
1023 1589 1247 1656 castris
1292 1595 1475 1654 erant
1509 1588 1768 1656 mittunt
1800 1591 1868 1656 in
1905 1589 2150 1656 minora
2187 1597 2418 1672 castra,
2466 1590 2618 1656 dum

514 1692 776 1775 proeli0,
823 1691 1051 1756 deinde
1098 1712 1179 1756 ex
1223 1691 1469 1757 laetitia
1506 1693 1714 1777 epulis
1749 1691 2052 1775 fatigatos
2091 1692 2272 1776 quies
2307 1700 2620 1758 nocturna

514 1794 729 1860 hostes
772 1802 1117 1880 premeret,
1163 1800 1230 1859 ut
1276 1794 1360 1858 ad
1406 1814 1475 1859 se
1520 1795 1887 1860 transirent:
1937 1815 2061 1860 uno
2107 1796 2362 1878 agmine
2407 1796 2614 1870 Canu-

511 1899 679 1966 sium
738 1897 1023 1962 abituros
1077 1917 1236 1984 esse.
1326 1897 1488 1962 Eam
1544 1897 1924 1964 sententiam
1979 1897 2088 1981 qui
2139 1898 2207 1962 in
2269 1898 2616 1964 minoribus

520 2000 748 2066 castris
794 2006 975 2064 erant
1022 2000 1307 2083 plerique
1353 2019 1495 2064 cum
1541 2000 1666 2084 ipsi
1704 2001 1965 2082 summis
2002 2019 2256 2085 pugnae
2292 2001 2617 2068 laboribus

513 2101 669 2172 fessi
746 2107 960 2166 essent
1019 2101 1459 2184 Numidasque
1543 2101 1770 2172 castris
1833 2101 2243 2167 circumfusos
2305 2103 2614 2184 viderent,

512 2204 705 2289 plane
766 2205 1093 2289 aspernati
1148 2211 1310 2269 sunt.
1414 2203 1604 2270 Solus
1659 2202 1950 2268 tribunus
2003 2204 2272 2270 militum
2316 2206 2386 2271 P.
2435 2206 2612 2272 Sem-

512 2307 773 2392 pronius
836 2305 1197 2372 Tuditanus
1259 2325 1488 2388 agmen
1561 2305 1800 2370 fessum
1863 2305 2284 2390 timidumque
2345 2307 2616 2377 fortibus

514 2409 725 2494 verbis
780 2415 855 2485 et,
895 2429 1043 2474 vere
1097 2407 1399 2475 Romanis
1463 2416 1729 2474 conatus
1781 2415 1905 2492 est,
1969 2415 2038 2475 ut
2100 2430 2233 2476 rem
2291 2411 2616 2495 ingentem

510 2511 835 2597 auderent,
874 2512 1214 2577 cohortari:
1256 2510 1465 2577 Saluti
1495 2511 1744 2595 patriae
1773 2519 1837 2576 et
1863 2512 2140 2579 libertati
2168 2534 2322 2578 snae
2348 2514 2616 2582 mallent

508 2617 705 2681 vitam
751 2615 1011 2697 dedere,
1069 2634 1262 2697 quam
1305 2614 1571 2679 immani
1616 2608 1892 2679 hostium
1937 2615 2304 2681 crudelitati
2347 2617 2611 2699 ignomi-

508 2718 779 2801 niaeque
842 2716 1294 2802 sempiternae3
1358 2736 1564 2799 neque
1631 2716 1975 2782 admodum
2039 2717 2388 2783 timendum
2438 2738 2609 2799 -esse,

507 2841 588 2886 ne
641 2820 723 2885 ab
777 2819 1063 2885 hostibus
1108 2817 1416 2882 concubia
1471 2824 1656 2882 nocte
1712 2804 2291 2903 neglegentioribus
2337 2819 2608 2885 lacesse-

508 2929 740 2987 rentur.
834 2920 1048 2985 Secuti
1094 2926 1241 2985 sunt
1294 2920 1618 2984 tribunum
1670 2920 1803 2986 fere
1848 2922 2114 2986 sescenti
2170 2920 2424 2985 relicuis
2470 2921 2611 2986 red-

508 3030 788 3110 emptum
834 3042 902 3087 se
946 3022 1025 3087 iri
1077 3021 1515 3107 sperantibus:
1586 3042 1742 3105 quos
1790 3042 1990 3088 cuneo
2035 3024 2205 3089 facto
2259 3022 2614 3089 incolumes

506 3126 575 3199 in
610 3125 853 3191 maiora
892 3132 1121 3206 castra,
1160 3124 1391 3190 deinde
1428 3144 1572 3188 cum
1606 3125 1705 3207 iis,
1753 3125 1862 3207 qui
1897 3126 1963 3189 in
2001 3126 2346 3190 maioribus
2383 3127 2610 3197 castris

507 3234 706 3310 erant,
756 3227 1099 3315 Canusium
1146 3227 1465 3309 perduxit.
1539 3227 1720 3305 Quae
1764 3226 1976 3292 omnia
2021 3227 2129 3311 qui
2175 3226 2608 3313 considerant,

508 3330 666 3395 nihil
713 3331 1019 3397 concedet
1064 3329 1289 3396 deesse
1334 3349 1580 3414 eornm,
1638 3348 1804 3412 quae
1849 3328 2142 3415 exemplo
2188 3329 2611 3397 Cornificiano

508 3453 813 3517 expressa
857 3438 1030 3499 sunt:
1094 3451 1224 3497 non
1265 3432 1513 3497 Poenos
1567 3430 2054 3517 triumphantes„
2120 3452 2245 3496 non
2289 3433 2614 3499 Romanos

510 3537 824 3619 obsessos,
862 3556 989 3600 non
1025 3532 1299 3619 denique
1331 3532 1566 3598 milites
1593 3532 1758 3599 inter
1786 3554 1854 3599 se
1883 3533 2328 3620 disceptantes
2385 3536 2610 3619 Neque

504 3659 656 3707 vero
712 3636 1053 3721 quisquam
1098 3657 1305 3701 rerum
1366 3636 1636 3719 scriptor
1687 3635 1982 3707 omnibus
2033 3638 2310 3706 numeris
2363 3639 2481 3723 ita,
2537 3645 2610 3705 ut

505 3740 745 3821 LiviuS,
791 3760 933 3805 cum
981 3737 1317 3805 Cornificio
1364 3738 1698 3803 consentit.

677 3844 844 3909 Nam
888 3841 1194 3927 Polybius
1258 3838 1511 3923 quidem
1532 3840 1581 3922 2)
1616 3838 1718 3904 de
1780 3840 1858 3906 iis
1920 3862 2083 3925 quae
2142 3842 2212 3907 in
2263 3842 2609 3909 minoribus

507 3944 736 4015 castris
780 3942 1179 4025 acciderunt,
1237 3942 1494 4008 omnino
1540 3942 1699 4007 nihil
1745 3943 2083 4009 memoriae
2127 3943 2432 4029 prodidit,
2479 3965 2610 4009 non

506 4067 635 4129 quo
682 4066 809 4113 non
854 4046 1328 4113 memorabilem
1372 4066 1507 4111 rem
1552 4044 1858 4129 duxisset,
1905 4045 2017 4111 sed
2055 4046 2206 4129 quia
2241 4052 2439 4111 totam
2474 4066 2608 4111 rem

679 4168 720 4237 ¹)
754 4167 930 4249 XXII,
968 4166 1049 4221 50.
1123 4162 1168 4233 ²)
1204 4164 1305 4229 111,
1347 4164 1457 4219 117.
