3117 4925
1505 411 1592 475 46

493 637 654 683 esse.
744 616 968 699 Itaque
1023 614 1079 681 si
1133 635 1232 679 res
1297 620 1427 680 tam
1491 614 1849 699 singulares
1911 612 2034 679 nisi
2095 612 2235 698 ipso
2297 614 2472 682 fonte
2527 616 2595 681 in

491 717 828 787 scribendo
856 718 1144 804 inspecto
1177 716 1450 783 describi
1479 718 1760 802 potuisse
1786 716 1896 783 vix
1925 713 2277 804 putandum
2304 725 2420 799 est,
2465 736 2596 787 om-

496 823 648 888 nino
703 841 830 886 non
885 818 1091 906 potuit
1145 820 1265 885 hoc
1310 820 1457 902 iter,
1524 840 1650 911 quo
1698 819 1779 885 de
1822 820 1999 885 nulla
2044 824 2141 885 est
2185 820 2346 886 inter
2389 842 2598 888 rerum

493 924 838 1007 scriptores
898 922 1354 1004 controversia,
1418 921 1689 1005 scriptor
1749 919 2069 987 denotare.
2159 922 2385 1007 Neque
2428 945 2599 1007 vero,

497 1046 662 1109 quae
707 1025 904 1090 multo
951 1024 1176 1107 magiS,
1225 1023 1339 1089 sed
1383 1029 1446 1088 et
1491 1023 1672 1108 ipsae
1717 1044 1844 1088 non
1892 1024 2084 1108 plane
2127 1023 2193 1087 in
2240 1026 2600 1112 exemplum

495 1126 992 1194 Cornificianum
1031 1124 1368 1211 quadrant,
1417 1118 1771 1209 διαδόχων,
1819 1145 1977 1208 quos
2012 1133 2266 1210 vocant,
2312 1128 2416 1194 vel
2449 1128 2597 1193 Phi-

498 1231 662 1319 lippi
698 1229 1118 1295 Macedonum
1163 1227 1352 1312 regiS,
1399 1229 1534 1295 eius
1584 1230 1692 1311 qui
1729 1248 1874 1293 cum
1907 1228 2215 1294 Romanis
2251 1227 2599 1315 dimicavit,

497 1334 632 1401 veri
685 1332 891 1399 simile
947 1336 1042 1397 est
1098 1330 1446 1414 significari
1499 1330 1739 1395 similes
1790 1330 2017 1395 harum
2062 1330 2310 1396 urbium
2357 1353 2599 1417 expug-

498 1436 790 1501 nationes
847 1441 1224 1519 praeterque
1279 1454 1455 1498 oram
1513 1434 1709 1497 maris
1752 1432 1999 1516 Aegaei·
2049 1433 2601 1509 septentrionalem

497 1536 960 1620 navigationes.
1033 1537 1202 1601 Nam
1252 1556 1417 1618 quae
1461 1535 1701 1621 profert
1736 1534 2067 1618 Iordanus,
2094 1536 2138 1618 ¹)
2178 1533 2403 1602 'dubito
2446 1558 2599 1603 num

498 1640 796 1722 cuiquam
840 1638 1081 1724 probet.
1169 1640 1234 1703 Is
1279 1636 1445 1703 enim
1503 1638 1628 1703 iter
1678 1637 1806 1703 dici
1850 1638 2213 1723 suspicatur
2258 1641 2423 1723 regis
2471 1644 2601 1707 An-

497 1742 713 1825 tiochi,
753 1742 879 1826 qui,
919 1761 1061 1805 cum
1097 1761 1318 1827 pugna
1355 1740 1442 1805 ad
1457 1740 1923 1826 Thermopylas
1952 1742 2291 1808 commissa
2316 1743 2601 1811 devictus

497 1852 686 1928 esset,
731 1845 972 1909 veritus
1017 1864 1098 1909 ne
1143 1843 1358 1909 statim
1401 1843 1675 1908 Romani
1718 1843 1786 1908 in
1822 1844 2041 1909 Asiam
2081 1844 2441 1929 traicerent,
2486 1868 2597 1911 na-

497 1949 715 2029 vibus,
783 1966 949 2028 quae
994 1950 1260 2030 paratae
1304 1946 1780 2028 instructaeque
1825 1952 2033 2029 erant,
2096 1946 2601 2015 Chersonnesum

498 2049 700 2135 petiit,
748 2054 817 2111 ut
861 2066 940 2111 ea
983 2048 1147 2129 loca,
1195 2048 1250 2111 si
1293 2048 1456 2112 forte
1490 2052 1663 2111 terra
1698 2046 1985 2111 venirent
2020 2048 2309 2131 Romani,
2357 2052 2595 2136 praesi-

499 2150 624 2215 diis
653 2149 949 2232 firmaret,
989 2148 1242 2214 Sestum
1265 2146 1565 2234 Abydum
1584 2148 2078 2234 Lysimachiam.
2102 2150 2150 2233 ²)
2196 2151 2365 2229 Quid
2392 2154 2603 2219 enim?

501 2272 696 2336 quam
742 2252 959 2317 urbem
1005 2272 1046 2316 a
1090 2250 1446 2316 Thracibus
1493 2258 1685 2317 antea
1730 2272 2017 2317 eversam
2062 2252 2203 2337 ipse
2239 2253 2318 2320 de
2353 2255 2603 2339 integro

502 2354 894 2437 condiderat,
917 2356 965 2437 3)
1019 2353 1523 2439 Lysimachiam,
1587 2361 1770 2440 putat
1822 2354 2010 2419 homo
2075 2356 2327 2441 doctus,
2388 2380 2602 2442 regem

498 2458 672 2542 ideo,
753 2465 822 2524 ut
895 2457 1079 2542 quasi
1149 2457 1440 2524 horreum
1504 2459 2191 2544 armamentariumque
2252 2462 2533 2545 haberet,
2552 2465 2605 2544 4)

498 2560 1118 2644 ‚sustulissefflornifi
1157 2562 1197 2625 l.
1222 2561 1351 2642 c.)‘?
1387 2561 1659 2645 potitum
1698 2581 1839 2626 esse
1856 2562 2107 2646 Abydo,
2156 2584 2348 2646 quam
2385 2565 2605 2630 urbem

497 2665 630 2730 iam
675 2685 792 2749 per
835 2664 1078 2747 aliquot
1121 2683 1321 2729 annos
1367 2669 1748 2749 occupatam
1794 2664 2049 2731 tenebat
2085 2686 2292 2750 neque
2327 2687 2605 2750 unquam

497 2768 750 2834 interim
787 2766 1135 2832 amiserat?
1160 2766 1212 2846 ⁵)
1252 2764 1433 2842 Quae
1470 2784 1615 2829 cum
1650 2765 1741 2828 ita
1776 2765 1921 2848 sint,
1969 2769 2211 2834 nullam
2242 2775 2397 2851 puto
2425 2791 2604 2855 spem

497 2891 640 2936 esse
693 2887 972 2950 unquam
1027 2867 1216 2932 huius
1269 2866 1544 2950 exempli
1583 2874 2027 2950 argumentum
2063 2890 2252 2954 posse
2298 2873 2605 2956 explicari

498 2979 692 3055 atque
766 2968 1040 3036 definiri:
1121 2970 1247 3036 nisi
1315 2970 1448 3036 fere
1509 2970 1633 3035 hoc
1705 2979 1872 3038 recte
1936 2973 2334 3057 suspicamur
2392 2975 2513 3041 iter
2566 2997 2606 3040 a

500 3073 788 3158 Lucullo,
837 3073 1057 3140 Sullae
1104 3080 1458 3159 quaestore,
1506 3095 1650 3142 cum
1696 3076 1903 3142 classe
1948 3076 2030 3141 ab
2077 3097 2188 3142 ora
2232 3075 2607 3144 Thessaliae

501 3175 801 3260 Abydum
867 3179 1223 3243 confectum
1285 3177 1431 3242 dici.
1452 3178 1504 3261 ⁶)
1594 3179 1731 3243 Hoc
1794 3179 1961 3243 enim
2024 3177 2399 3244 Comificius
2462 3198 2606 3243 cum

499 3300 631 3344 non
676 3279 814 3362 ipse
860 3279 1215 3363 cognitum,
1262 3278 1376 3346 sed
1419 3279 1594 3345 fama
1640 3287 1703 3346 et
1746 3279 2071 3346 auditione
2117 3288 2447 3365 acceptum
2492 3280 2604 3345 ha-

500 3383 705 3465 beret,
770 3384 980 3448 minus
1043 3388 1342 3448 accurate
1407 3389 1602 3466 atque
1662 3383 1856 3448 etiam
1920 3385 2223 3466 quoniam
2276 3384 2342 3448 in
2400 3385 2605 3450 maius

499 3486 636 3552 fere
670 3485 846 3550 fama
883 3505 984 3551 res
1005 3484 1273 3568 extollit,
1311 3504 1647 3570 perperam
1678 3484 2033 3550 describere
2063 3485 2287 3571 potuit.
2343 3486 2606 3552 Accedit

501 3588 676 3671 quod
719 3588 840 3653 hoc
887 3594 1054 3653 certe
1100 3593 1366 3670 constat,
1415 3587 1611 3652 totius
1654 3587 1789 3652 fere
1834 3587 2030 3653 maris
2065 3588 2305 3670 Aegaei
2360 3586 2605 3654 insulas

501 3690 815 3773 urbesque
860 3690 1213 3755 maritimas
1257 3690 1326 3754 in
1368 3695 1683 3774 potestate
1727 3689 1922 3754 tuisse
1966 3689 2393 3757 Ponticorum.
2476 3689 2607 3757 Sed

677 3809 720 3876 ¹)
757 3807 794 3862 1.
833 3824 875 3862 c.

677 3889 721 3960 ²)
758 3892 874 3948 Liv.
911 3891 1154 3956 XXXVI,
1192 3893 1282 3954 213
1319 3894 1405 3956 41,
1441 3893 1626 3956 6—43‚
1662 3893 1719 3956 33
1754 3893 1890 3962 App.
1928 3893 2039 3962 Syr.
2076 3893 2159 3950 21.

675 3977 721 4047 ⁸)
759 3979 896 4046 App.
936 3977 1048 4046 Syr.
1090 3977 1136 4041 1,
1173 3979 1230 4052 ὃς
1265 3977 1420 4030 Diod.
1457 3976 1558 4030 Sic.
1599 3977 1849 4042 XXVIII,
1891 3979 1971 4034 13.

675 4065 720 4131 ⁴)
756 4066 893 4132 App.
931 4063 1044 4132 Syr.
1082 4064 1166 4117 21.

674 4149 719 4217 ⁵)
758 4151 892 4218 App.
929 4149 1040 4218 Syr.
1082 4150 1132 4201 1:
1164 4146 1580 4216 Ἑλλήσποντον
1617 4148 1858 4222 ὠχύρου.

678 4235 723 4304 ⁸)
761 4235 896 4304 App.
934 4235 986 4290 b.
1023 4234 1205 4288 Mithr.
1243 4234 1306 4286 51
1346 4237 1399 4288 et
1435 4235 1515 4290 56.
