<?xml version="1.0" encoding="UTF-8"?>
<!DOCTYPE html PUBLIC "-//W3C//DTD XHTML 1.0 Transitional//EN"
    "http://www.w3.org/TR/xhtml1/DTD/xhtml1-transitional.dtd">
<html xmlns="http://www.w3.org/1999/xhtml" xml:lang="en" lang="en">
 <head>
  <title>
</title>
<meta http-equiv="Content-Type" content="text/html;charset=utf-8" />
  <meta name='ocr-system' content='tesseract 3.04.00' />
  <meta name='ocr-capabilities' content='ocr_page ocr_carea ocr_par ocr_line ocrx_word'/>
</head>
<body>
  <div class='ocr_page' id='page_1' title='image "./decornificiiauc00bochgoog_0052.png"; bbox 0 0 3117 4925; ppageno 0'>
   <div class='ocr_carea' id='block_1_1' title="bbox 492 385 2638 4056">
    <p class='ocr_par' dir='ltr' id='par_1_1' title="bbox 492 385 2638 3036">
     <span class='ocr_line' id='line_1_1' title="bbox 1341 385 1588 480; baseline 0.004 -33"><span class='ocrx_word' id='word_1_1' title='bbox 1341 385 1588 480; x_wconf 66' lang='lat'><strong>—49</strong></span> 
     </span>
     <span class='ocr_line' id='line_1_2' title="bbox 496 585 2590 674; baseline -0.001 -20"><span class='ocrx_word' id='word_1_2' title='bbox 496 591 655 654; x_wconf 88' lang='lat' dir='ltr'><strong>alios</strong></span> <span class='ocrx_word' id='word_1_3' title='bbox 702 595 990 654; x_wconf 77' lang='lat' dir='ltr'><strong>auctores</strong></span> <span class='ocrx_word' id='word_1_4' title='bbox 1035 594 1287 652; x_wconf 90' lang='lat' dir='ltr'><strong>secutus</strong></span> <span class='ocrx_word' id='word_1_5' title='bbox 1342 588 1527 654; x_wconf 90' lang='lat' dir='ltr'><strong>aliter</strong></span> <span class='ocrx_word' id='word_1_6' title='bbox 1581 588 1930 674; x_wconf 77' lang='lat' dir='ltr'>descripsit.</span> <span class='ocrx_word' id='word_1_7' title='bbox 2021 585 2146 665; x_wconf 80' lang='lat' dir='ltr'><strong>Qui</strong></span> <span class='ocrx_word' id='word_1_8' title='bbox 2192 607 2397 670; x_wconf 91' lang='lat' dir='ltr'><strong>neque</strong></span> <span class='ocrx_word' id='word_1_9' title='bbox 2443 593 2590 652; x_wconf 87' lang='lat' dir='ltr'><strong>ante</strong></span> 
     </span>
     <span class='ocr_line' id='line_1_3' title="bbox 494 689 2592 776; baseline -0 -21"><span class='ocrx_word' id='word_1_10' title='bbox 494 712 771 776; x_wconf 85' lang='lat' dir='ltr'><strong>pugnam</strong></span> <span class='ocrx_word' id='word_1_11' title='bbox 834 689 1221 775; x_wconf 81' lang='lat' dir='ltr'><strong>praesidium</strong></span> <span class='ocrx_word' id='word_1_12' title='bbox 1284 691 1570 756; x_wconf 87' lang='lat' dir='ltr'><strong>relictum</strong></span> <span class='ocrx_word' id='word_1_13' title='bbox 1634 711 1773 757; x_wconf 89' lang='lat' dir='ltr'><strong>esse</strong></span> <span class='ocrx_word' id='word_1_14' title='bbox 1835 691 1900 755; x_wconf 94' lang='lat' dir='ltr'><strong>in</strong></span> <span class='ocrx_word' id='word_1_15' title='bbox 1962 689 2308 754; x_wconf 88' lang='lat' dir='ltr'><strong>minoribus</strong></span> <span class='ocrx_word' id='word_1_16' title='bbox 2370 691 2592 755; x_wconf 90' lang='lat' dir='ltr'><strong>castris</strong></span> 
     </span>
     <span class='ocr_line' id='line_1_4' title="bbox 492 791 2589 880; baseline -0.001 -22"><span class='ocrx_word' id='word_1_17' title='bbox 492 815 699 876; x_wconf 87' lang='lat' dir='ltr'><strong>neque</strong></span> <span class='ocrx_word' id='word_1_18' title='bbox 745 798 890 877; x_wconf 84' lang='lat' dir='ltr'><strong>post</strong></span> <span class='ocrx_word' id='word_1_19' title='bbox 934 813 1214 876; x_wconf 84' lang='lat' dir='ltr'><strong>pugnam</strong></span> <span class='ocrx_word' id='word_1_20' title='bbox 1260 815 1335 859; x_wconf 94' lang='lat' dir='ltr'><strong>eo</strong></span> <span class='ocrx_word' id='word_1_21' title='bbox 1379 804 1628 880; x_wconf 87' lang='lat' dir='ltr'><strong>partem</strong></span> <span class='ocrx_word' id='word_1_22' title='bbox 1679 793 1991 859; x_wconf 78' lang='lat' dir='ltr'><strong>exercitus</strong></span> <span class='ocrx_word' id='word_1_23' title='bbox 2029 791 2386 874; x_wconf 78' lang='lat' dir='ltr'>confugisse</span> <span class='ocrx_word' id='word_1_24' title='bbox 2423 811 2589 856; x_wconf 88' lang='lat' dir='ltr'><strong>corn-</strong></span> 
     </span>
     <span class='ocr_line' id='line_1_5' title="bbox 494 894 2592 977; baseline -0.001 -17"><span class='ocrx_word' id='word_1_25' title='bbox 494 903 831 977; x_wconf 88' lang='lat' dir='ltr'><strong>memorat,</strong></span> <span class='ocrx_word' id='word_1_26' title='bbox 892 895 1004 961; x_wconf 90' lang='lat' dir='ltr'><strong>sed</strong></span> <span class='ocrx_word' id='word_1_27' title='bbox 1058 895 1137 960; x_wconf 88' lang='lat' dir='ltr'><strong>de</strong></span> <span class='ocrx_word' id='word_1_28' title='bbox 1184 897 1527 964; x_wconf 87' lang='lat' dir='ltr'><strong>maioribus</strong></span> <span class='ocrx_word' id='word_1_29' title='bbox 1574 904 1822 963; x_wconf 89' lang='lat' dir='ltr'><strong>tantum</strong></span> <span class='ocrx_word' id='word_1_30' title='bbox 1867 895 2093 960; x_wconf 89' lang='lat' dir='ltr'><strong>castris</strong></span> <span class='ocrx_word' id='word_1_31' title='bbox 2138 894 2438 977; x_wconf 87' lang='lat' dir='ltr'><strong>loquitur:</strong></span> <span class='ocrx_word' id='word_1_32' title='bbox 2503 895 2592 960; x_wconf 93' lang='lat' dir='ltr'><strong>ibi</strong></span> 
     </span>
     <span class='ocr_line' id='line_1_6' title="bbox 498 997 2592 1084; baseline 0 -22"><span class='ocrx_word' id='word_1_33' title='bbox 498 1019 539 1062; x_wconf 91' lang='lat' dir='ltr'><strong>a</strong></span> <span class='ocrx_word' id='word_1_34' title='bbox 584 998 834 1081; x_wconf 81' lang='lat' dir='ltr'><strong>Paullo,</strong></span> <span class='ocrx_word' id='word_1_35' title='bbox 900 1019 1043 1064; x_wconf 90' lang='lat' dir='ltr'><strong>cum</strong></span> <span class='ocrx_word' id='word_1_36' title='bbox 1089 999 1175 1065; x_wconf 91' lang='lat' dir='ltr'><strong>ad</strong></span> <span class='ocrx_word' id='word_1_37' title='bbox 1222 1018 1506 1084; x_wconf 85' lang='lat' dir='ltr'><strong>pugnam</strong></span> <span class='ocrx_word' id='word_1_38' title='bbox 1550 1000 1866 1066; x_wconf 88' lang='lat' dir='ltr'><strong>exercitus</strong></span> <span class='ocrx_word' id='word_1_39' title='bbox 1913 997 2310 1076; x_wconf 78' lang='lat' dir='ltr'>educeretur,</span> <span class='ocrx_word' id='word_1_40' title='bbox 2375 998 2592 1064; x_wconf 90' lang='lat' dir='ltr'><strong>decem</strong></span> 
     </span>
     <span class='ocr_line' id='line_1_7' title="bbox 498 1100 2596 1187; baseline 0 -23"><span class='ocrx_word' id='word_1_41' title='bbox 498 1100 699 1165; x_wconf 91' lang='lat' dir='ltr'><strong>millia</strong></span> <span class='ocrx_word' id='word_1_42' title='bbox 735 1100 1060 1165; x_wconf 90' lang='lat' dir='ltr'><strong>hominum</strong></span> <span class='ocrx_word' id='word_1_43' title='bbox 1097 1103 1320 1168; x_wconf 87' lang='lat' dir='ltr'><strong>relicta</strong></span> <span class='ocrx_word' id='word_1_44' title='bbox 1356 1123 1515 1186; x_wconf 89' lang='lat' dir='ltr'><strong>esse,</strong></span> <span class='ocrx_word' id='word_1_45' title='bbox 1565 1103 1694 1187; x_wconf 91' lang='lat' dir='ltr'><strong>qui,</strong></span> <span class='ocrx_word' id='word_1_46' title='bbox 1742 1103 1892 1166; x_wconf 90' lang='lat' dir='ltr'><strong>dum</strong></span> <span class='ocrx_word' id='word_1_47' title='bbox 1930 1105 2336 1186; x_wconf 80' lang='lat' dir='ltr'><strong>pugnaretur,</strong></span> <span class='ocrx_word' id='word_1_48' title='bbox 2384 1106 2596 1166; x_wconf 89' lang='lat' dir='ltr'><strong>castra</strong></span> 
     </span>
     <span class='ocr_line' id='line_1_8' title="bbox 499 1202 2598 1290; baseline 0 -22"><span class='ocrx_word' id='word_1_49' title='bbox 499 1205 877 1284; x_wconf 90' lang='lat' dir='ltr'><strong>Poenorum,</strong></span> <span class='ocrx_word' id='word_1_50' title='bbox 944 1205 997 1267; x_wconf 91' lang='lat' dir='ltr'><strong>si</strong></span> <span class='ocrx_word' id='word_1_51' title='bbox 1042 1210 1329 1288; x_wconf 79' lang='lat' dir='ltr'><strong>possent,</strong></span> <span class='ocrx_word' id='word_1_52' title='bbox 1392 1206 1722 1290; x_wconf 87' lang='lat' dir='ltr'><strong>repentino</strong></span> <span class='ocrx_word' id='word_1_53' title='bbox 1776 1205 2014 1288; x_wconf 88' lang='lat' dir='ltr'><strong>impetu</strong></span> <span class='ocrx_word' id='word_1_54' title='bbox 2072 1202 2244 1268; x_wconf 88' lang='lat' dir='ltr'><strong>facto</strong></span> <span class='ocrx_word' id='word_1_55' title='bbox 2298 1211 2598 1289; x_wconf 78' lang='lat' dir='ltr'><strong>caperent</strong></span> 
     </span>
     <span class='ocr_line' id='line_1_9' title="bbox 499 1305 2596 1392; baseline 0 -22"><span class='ocrx_word' id='word_1_56' title='bbox 499 1305 900 1388; x_wconf 87' lang='lat' dir='ltr'><strong>hostiumque</strong></span> <span class='ocrx_word' id='word_1_57' title='bbox 928 1307 1131 1372; x_wconf 85' lang='lat' dir='ltr'><strong>aciem</strong></span> <span class='ocrx_word' id='word_1_58' title='bbox 1162 1329 1202 1372; x_wconf 89' lang='lat' dir='ltr'><strong>a</strong></span> <span class='ocrx_word' id='word_1_59' title='bbox 1231 1315 1409 1392; x_wconf 80' lang='lat' dir='ltr'><strong>tergo</strong></span> <span class='ocrx_word' id='word_1_60' title='bbox 1442 1308 1856 1374; x_wconf 83' lang='lat' dir='ltr'><strong>adorirentur.</strong></span> <span class='ocrx_word' id='word_1_61' title='bbox 1911 1306 2336 1371; x_wconf 89' lang='lat' dir='ltr'><strong>Hannibalem</strong></span> <span class='ocrx_word' id='word_1_62' title='bbox 2365 1313 2596 1389; x_wconf 89' lang='lat' dir='ltr'><strong>autem,</strong></span> 
     </span>
     <span class='ocr_line' id='line_1_10' title="bbox 501 1408 2599 1494; baseline 0 -22"><span class='ocrx_word' id='word_1_63' title='bbox 501 1429 641 1473; x_wconf 92' lang='lat' dir='ltr'><strong>cum</strong></span> <span class='ocrx_word' id='word_1_64' title='bbox 680 1408 1067 1492; x_wconf 89' lang='lat' dir='ltr'><strong>praesidium</strong></span> <span class='ocrx_word' id='word_1_65' title='bbox 1100 1416 1443 1475; x_wconf 85' lang='lat' dir='ltr'><strong>castrorum</strong></span> <span class='ocrx_word' id='word_1_66' title='bbox 1464 1413 1820 1476; x_wconf 89' lang='lat' dir='ltr'><strong>Poenorum</strong></span> <span class='ocrx_word' id='word_1_67' title='bbox 1839 1411 2268 1474; x_wconf 88' lang='lat' dir='ltr'><strong>Romanorum</strong></span> <span class='ocrx_word' id='word_1_68' title='bbox 2294 1409 2599 1494; x_wconf 89' lang='lat' dir='ltr'><strong>impetum</strong></span> 
     </span>
     <span class='ocr_line' id='line_1_11' title="bbox 498 1511 2600 1598; baseline 0.001 -24"><span class='ocrx_word' id='word_1_69' title='bbox 498 1511 744 1575; x_wconf 84' lang='lat' dir='ltr'><strong>fortiter</strong></span> <span class='ocrx_word' id='word_1_70' title='bbox 810 1512 1237 1593; x_wconf 85' lang='lat' dir='ltr'><strong>sustinuisset,</strong></span> <span class='ocrx_word' id='word_1_71' title='bbox 1310 1533 1527 1598; x_wconf 84' lang='lat' dir='ltr'><strong>pugna</strong></span> <span class='ocrx_word' id='word_1_72' title='bbox 1581 1512 1761 1578; x_wconf 85' lang='lat' dir='ltr'><strong>finita</strong></span> <span class='ocrx_word' id='word_1_73' title='bbox 1817 1512 1924 1596; x_wconf 90' lang='lat' dir='ltr'><strong>qui</strong></span> <span class='ocrx_word' id='word_1_74' title='bbox 1977 1512 2322 1577; x_wconf 81' lang='lat' dir='ltr'><strong>maioribus</strong></span> <span class='ocrx_word' id='word_1_75' title='bbox 2375 1513 2600 1578; x_wconf 86' lang='lat' dir='ltr'><strong>castris</strong></span> 
     </span>
     <span class='ocr_line' id='line_1_12' title="bbox 503 1607 2600 1702; baseline 0.001 -26"><span class='ocrx_word' id='word_1_76' title='bbox 503 1614 822 1702; x_wconf 81' lang='lat' dir='ltr'><strong>praesidio</strong></span> <span class='ocrx_word' id='word_1_77' title='bbox 886 1615 1090 1679; x_wconf 89' lang='lat' dir='ltr'><strong>relicti</strong></span> <span class='ocrx_word' id='word_1_78' title='bbox 1154 1622 1391 1694; x_wconf 80' lang='lat' dir='ltr'><strong>essent,</strong></span> <span class='ocrx_word' id='word_1_79' title='bbox 1454 1607 1778 1700; x_wconf 86' lang='lat' dir='ltr'><strong>paulisper</strong></span> <span class='ocrx_word' id='word_1_80' title='bbox 1832 1615 2209 1700; x_wconf 89' lang='lat' dir='ltr'><strong>proeliatum</strong></span> <span class='ocrx_word' id='word_1_81' title='bbox 2266 1615 2600 1680; x_wconf 89' lang='lat' dir='ltr'><strong>inclusisse</strong></span> 
     </span>
     <span class='ocr_line' id='line_1_13' title="bbox 501 1716 2603 1798; baseline 0 -20"><span class='ocrx_word' id='word_1_82' title='bbox 501 1717 907 1798; x_wconf 88' lang='lat' dir='ltr'><strong>inclusosque</strong></span> <span class='ocrx_word' id='word_1_83' title='bbox 972 1717 1109 1781; x_wconf 90' lang='lat' dir='ltr'><strong>sine</strong></span> <span class='ocrx_word' id='word_1_84' title='bbox 1171 1717 1304 1780; x_wconf 86' lang='lat' dir='ltr'><strong>ulla</strong></span> <span class='ocrx_word' id='word_1_85' title='bbox 1356 1736 1571 1781; x_wconf 89' lang='lat' dir='ltr'><strong>eorum</strong></span> <span class='ocrx_word' id='word_1_86' title='bbox 1630 1737 1808 1781; x_wconf 89' lang='lat' dir='ltr'><strong>mora</strong></span> <span class='ocrx_word' id='word_1_87' title='bbox 1863 1722 1975 1780; x_wconf 87' lang='lat' dir='ltr'><strong>aut</strong></span> <span class='ocrx_word' id='word_1_88' title='bbox 2028 1717 2484 1780; x_wconf 89' lang='lat' dir='ltr'><strong>deliberatione</strong></span> <span class='ocrx_word' id='word_1_89' title='bbox 2537 1716 2603 1779; x_wconf 93' lang='lat' dir='ltr'><strong>in</strong></span> 
     </span>
     <span class='ocr_line' id='line_1_14' title="bbox 504 1817 2638 1902; baseline 0 -21"><span class='ocrx_word' id='word_1_90' title='bbox 504 1817 887 1882; x_wconf 89' lang='lat' dir='ltr'><strong>deditionem</strong></span> <span class='ocrx_word' id='word_1_91' title='bbox 944 1821 1285 1902; x_wconf 87' lang='lat' dir='ltr'><strong>accepisse.</strong></span> <span class='ocrx_word' id='word_1_92' title='bbox 1377 1821 1447 1883; x_wconf 91' lang='lat' dir='ltr'><strong>P.</strong></span> <span class='ocrx_word' id='word_1_93' title='bbox 1493 1839 1644 1884; x_wconf 86' lang='lat' dir='ltr'><strong>vero</strong></span> <span class='ocrx_word' id='word_1_94' title='bbox 1691 1819 2048 1902; x_wconf 85' lang='lat' dir='ltr'><strong>Sempronii</strong></span> <span class='ocrx_word' id='word_1_95' title='bbox 2093 1817 2396 1882; x_wconf 86' lang='lat' dir='ltr'><strong>Tuditani</strong></span> <span class='ocrx_word' id='word_1_96' title='bbox 2447 1817 2638 1882; x_wconf 85' lang='lat' dir='ltr'><strong>faci-.</strong></span> 
     </span>
     <span class='ocr_line' id='line_1_15' title="bbox 502 1919 2603 2003; baseline -0 -19"><span class='ocrx_word' id='word_1_97' title='bbox 502 1921 675 1985; x_wconf 90' lang='lat' dir='ltr'><strong>noris</strong></span> <span class='ocrx_word' id='word_1_98' title='bbox 714 1920 968 1984; x_wconf 90' lang='lat' dir='ltr'><strong>omnino</strong></span> <span class='ocrx_word' id='word_1_99' title='bbox 1006 1920 1246 1985; x_wconf 88' lang='lat' dir='ltr'><strong>nullam</strong></span> <span class='ocrx_word' id='word_1_100' title='bbox 1286 1921 1665 1986; x_wconf 88' lang='lat' dir='ltr'><strong>mentionem</strong></span> <span class='ocrx_word' id='word_1_101' title='bbox 1703 1921 1874 2003; x_wconf 84' lang='lat' dir='ltr'><strong>facit,</strong></span> <span class='ocrx_word' id='word_1_102' title='bbox 1924 1920 2089 1986; x_wconf 89' lang='lat' dir='ltr'><strong>unde</strong></span> <span class='ocrx_word' id='word_1_103' title='bbox 2125 1939 2252 1984; x_wconf 90' lang='lat' dir='ltr'><strong>non</strong></span> <span class='ocrx_word' id='word_1_104' title='bbox 2287 1919 2603 1984; x_wconf 88' lang='lat' dir='ltr'><strong>immerito</strong></span> 
     </span>
     <span class='ocr_line' id='line_1_16' title="bbox 508 2022 2603 2109; baseline -0.001 -20"><span class='ocrx_word' id='word_1_105' title='bbox 508 2023 869 2106; x_wconf 84' lang='lat' dir='ltr'><strong>colligatur,</strong></span> <span class='ocrx_word' id='word_1_106' title='bbox 917 2023 1167 2088; x_wconf 80' lang='lat' dir='ltr'><strong>Livium</strong></span> <span class='ocrx_word' id='word_1_107' title='bbox 1213 2024 1432 2109; x_wconf 87' lang='lat' dir='ltr'><strong>paullo</strong></span> <span class='ocrx_word' id='word_1_108' title='bbox 1477 2023 1645 2088; x_wconf 84' lang='lat' dir='ltr'><strong>infra</strong></span> <span class='ocrx_word' id='word_1_109' title='bbox 1666 2027 1712 2104; x_wconf 87' lang='lat'><strong>¹)</strong></span> <span class='ocrx_word' id='word_1_110' title='bbox 1758 2024 1866 2088; x_wconf 93' lang='lat' dir='ltr'><strong>ubi</strong></span> <span class='ocrx_word' id='word_1_111' title='bbox 1911 2023 1977 2086; x_wconf 88' lang='lat' dir='ltr'><strong>in</strong></span> <span class='ocrx_word' id='word_1_112' title='bbox 2015 2022 2456 2088; x_wconf 87' lang='lat' dir='ltr'><strong>enumerandis</strong></span> <span class='ocrx_word' id='word_1_113' title='bbox 2491 2041 2603 2086; x_wconf 90' lang='grc'><strong>110-</strong></span> 
     </span>
     <span class='ocr_line' id='line_1_17' title="bbox 506 2125 2606 2210; baseline -0.001 -19"><span class='ocrx_word' id='word_1_114' title='bbox 506 2127 779 2191; x_wconf 90' lang='lat' dir='ltr'><strong>minibus</strong></span> <span class='ocrx_word' id='word_1_115' title='bbox 820 2127 1472 2206; x_wconf 89' lang='lat' dir='ltr'><strong>eorumtribunorum,</strong></span> <span class='ocrx_word' id='word_1_116' title='bbox 1514 2127 1625 2209; x_wconf 89' lang='lat' dir='ltr'><strong>qui</strong></span> <span class='ocrx_word' id='word_1_117' title='bbox 1654 2127 1874 2210; x_wconf 87' lang='lat' dir='ltr'><strong>paucis</strong></span> <span class='ocrx_word' id='word_1_118' title='bbox 1901 2125 2124 2191; x_wconf 90' lang='lat' dir='ltr'><strong>diebus</strong></span> <span class='ocrx_word' id='word_1_119' title='bbox 2152 2132 2295 2210; x_wconf 89' lang='lat' dir='ltr'><strong>post</strong></span> <span class='ocrx_word' id='word_1_120' title='bbox 2322 2145 2606 2209; x_wconf 86' lang='lat' dir='ltr'><strong>pugnam</strong></span> 
     </span>
     <span class='ocr_line' id='line_1_18' title="bbox 508 2227 2606 2312; baseline -0.001 -18"><span class='ocrx_word' id='word_1_121' title='bbox 508 2229 849 2294; x_wconf 77' lang='lat' dir='ltr'><strong>Canusium</strong></span> <span class='ocrx_word' id='word_1_122' title='bbox 887 2250 1028 2294; x_wconf 90' lang='lat' dir='ltr'><strong>cum</strong></span> <span class='ocrx_word' id='word_1_123' title='bbox 1055 2228 1368 2294; x_wconf 86' lang='lat' dir='ltr'><strong>exercitus</strong></span> <span class='ocrx_word' id='word_1_124' title='bbox 1398 2228 1682 2312; x_wconf 90' lang='lat' dir='ltr'><strong>reliquiis</strong></span> <span class='ocrx_word' id='word_1_125' title='bbox 1716 2228 2178 2310; x_wconf 89' lang='lat' dir='ltr'><strong>convenissent,</strong></span> <span class='ocrx_word' id='word_1_126' title='bbox 2216 2227 2606 2292; x_wconf 86' lang='lat' dir='ltr'><strong>Tuditanum</strong></span> 
     </span>
     <span class='ocr_line' id='line_1_19' title="bbox 510 2330 2600 2415; baseline -0 -21"><span class='ocrx_word' id='word_1_127' title='bbox 510 2331 745 2412; x_wconf 90' lang='lat' dir='ltr'><strong>omisit,</strong></span> <span class='ocrx_word' id='word_1_128' title='bbox 812 2331 1080 2414; x_wconf 82' lang='lat' dir='ltr'><strong>Polybio</strong></span> <span class='ocrx_word' id='word_1_129' title='bbox 1142 2331 1317 2396; x_wconf 86' lang='lat' dir='ltr'><strong>fonte</strong></span> <span class='ocrx_word' id='word_1_130' title='bbox 1379 2351 1562 2396; x_wconf 89' lang='lat' dir='ltr'><strong>usum</strong></span> <span class='ocrx_word' id='word_1_131' title='bbox 1623 2351 1788 2397; x_wconf 89' lang='lat' dir='ltr'><strong>esse:</strong></span> <span class='ocrx_word' id='word_1_132' title='bbox 1873 2331 2242 2415; x_wconf 85' lang='lat' dir='ltr'><strong>praesertim</strong></span> <span class='ocrx_word' id='word_1_133' title='bbox 2308 2349 2448 2394; x_wconf 91' lang='lat' dir='ltr'><strong>cum</strong></span> <span class='ocrx_word' id='word_1_134' title='bbox 2511 2330 2600 2393; x_wconf 93' lang='lat' dir='ltr'><strong>ibi</strong></span> 
     </span>
     <span class='ocr_line' id='line_1_20' title="bbox 510 2432 2601 2519; baseline -0.001 -20"><span class='ocrx_word' id='word_1_135' title='bbox 510 2435 581 2499; x_wconf 92' lang='lat' dir='ltr'><strong>P.</strong></span> <span class='ocrx_word' id='word_1_136' title='bbox 631 2433 957 2499; x_wconf 87' lang='lat' dir='ltr'><strong>Cornelius</strong></span> <span class='ocrx_word' id='word_1_137' title='bbox 1005 2432 1248 2519; x_wconf 85' lang='lat' dir='ltr'><strong>Scipio,</strong></span> <span class='ocrx_word' id='word_1_138' title='bbox 1310 2433 1367 2499; x_wconf 93' lang='lat' dir='ltr'><strong>is</strong></span> <span class='ocrx_word' id='word_1_139' title='bbox 1413 2435 1520 2517; x_wconf 91' lang='lat' dir='ltr'><strong>qui</strong></span> <span class='ocrx_word' id='word_1_140' title='bbox 1574 2440 1800 2518; x_wconf 86' lang='lat' dir='ltr'><strong>postea</strong></span> <span class='ocrx_word' id='word_1_141' title='bbox 1843 2432 2181 2497; x_wconf 84' lang='lat' dir='ltr'><strong>Africanus</strong></span> <span class='ocrx_word' id='word_1_142' title='bbox 2235 2433 2441 2499; x_wconf 89' lang='lat' dir='ltr'><strong>dictus</strong></span> <span class='ocrx_word' id='word_1_143' title='bbox 2487 2440 2601 2516; x_wconf 89' lang='lat' dir='ltr'><strong>est,</strong></span> 
     </span>
     <span class='ocr_line' id='line_1_21' title="bbox 508 2535 2608 2621; baseline 0 -21"><span class='ocrx_word' id='word_1_144' title='bbox 508 2536 779 2620; x_wconf 90' lang='lat' dir='ltr'><strong>primum</strong></span> <span class='ocrx_word' id='word_1_145' title='bbox 825 2538 998 2603; x_wconf 89' lang='lat' dir='ltr'><strong>solus</strong></span> <span class='ocrx_word' id='word_1_146' title='bbox 1042 2538 1242 2621; x_wconf 88' lang='lat' dir='ltr'><strong>copiis</strong></span> <span class='ocrx_word' id='word_1_147' title='bbox 1298 2536 1703 2621; x_wconf 87' lang='lat' dir='ltr'><strong>praeficiatur</strong></span> <span class='ocrx_word' id='word_1_148' title='bbox 1755 2536 2117 2601; x_wconf 88' lang='lat' dir='ltr'><strong>maioribus.</strong></span> <span class='ocrx_word' id='word_1_149' title='bbox 2209 2535 2396 2613; x_wconf 83' lang='lat' dir='ltr'><strong>Quod</strong></span> <span class='ocrx_word' id='word_1_150' title='bbox 2439 2544 2608 2601; x_wconf 89' lang='lat' dir='ltr'><strong>recte</strong></span> 
     </span>
     <span class='ocr_line' id='line_1_22' title="bbox 514 2638 2612 2724; baseline -0.001 -21"><span class='ocrx_word' id='word_1_151' title='bbox 514 2640 845 2705; x_wconf 88' lang='lat' dir='ltr'><strong>collectum</strong></span> <span class='ocrx_word' id='word_1_152' title='bbox 884 2659 1023 2704; x_wconf 90' lang='lat' dir='ltr'><strong>esse</strong></span> <span class='ocrx_word' id='word_1_153' title='bbox 1060 2645 1417 2724; x_wconf 88' lang='lat' dir='ltr'><strong>appareret,</strong></span> <span class='ocrx_word' id='word_1_154' title='bbox 1456 2640 1578 2704; x_wconf 90' lang='lat' dir='ltr'><strong>nisi</strong></span> <span class='ocrx_word' id='word_1_155' title='bbox 1615 2640 1760 2704; x_wconf 88' lang='lat' dir='ltr'><strong>libri</strong></span> <span class='ocrx_word' id='word_1_156' title='bbox 1792 2640 1957 2705; x_wconf 86' lang='lat' dir='ltr'><strong>sexti</strong></span> <span class='ocrx_word' id='word_1_157' title='bbox 1984 2639 2408 2721; x_wconf 86' lang='lat' dir='ltr'><strong>fragmentum</strong></span> <span class='ocrx_word' id='word_1_158' title='bbox 2442 2638 2612 2721; x_wconf 88' lang='lat' dir='ltr'><strong>quod</strong></span> 
     </span>
     <span class='ocr_line' id='line_1_23' title="bbox 510 2740 2610 2826; baseline -0 -21"><span class='ocrx_word' id='word_1_159' title='bbox 510 2741 635 2806; x_wconf 89' lang='lat' dir='ltr'><strong>huc</strong></span> <span class='ocrx_word' id='word_1_160' title='bbox 678 2742 1020 2826; x_wconf 91' lang='lat' dir='ltr'><strong>pertineret</strong></span> <span class='ocrx_word' id='word_1_161' title='bbox 1064 2740 1332 2807; x_wconf 85' lang='lat' dir='ltr'><strong>deesset.</strong></span> <span class='ocrx_word' id='word_1_162' title='bbox 1422 2743 1520 2808; x_wconf 92' lang='lat' dir='ltr'><strong>Ne</strong></span> <span class='ocrx_word' id='word_1_163' title='bbox 1563 2744 1790 2826; x_wconf 88' lang='lat' dir='ltr'><strong>multa,</strong></span> <span class='ocrx_word' id='word_1_164' title='bbox 1848 2742 2136 2809; x_wconf 87' lang='lat' dir='ltr'><strong>videmus</strong></span> <span class='ocrx_word' id='word_1_165' title='bbox 2180 2741 2610 2807; x_wconf 87' lang='lat' dir='ltr'><strong>narrationem</strong></span> 
     </span>
     <span class='ocr_line' id='line_1_24' title="bbox 511 2832 2611 2930; baseline -0.001 -21"><span class='ocrx_word' id='word_1_166' title='bbox 511 2832 763 2929; x_wconf 83' lang='lat' dir='ltr'><strong>Polybii</strong></span> <span class='ocrx_word' id='word_1_167' title='bbox 825 2845 1103 2911; x_wconf 88' lang='lat' dir='ltr'><strong>immane</strong></span> <span class='ocrx_word' id='word_1_168' title='bbox 1167 2853 1471 2927; x_wconf 87' lang='lat' dir='ltr'><strong>quantum</strong></span> <span class='ocrx_word' id='word_1_169' title='bbox 1535 2845 1897 2930; x_wconf 86' lang='lat' dir='ltr'><strong>discrepare</strong></span> <span class='ocrx_word' id='word_1_170' title='bbox 1966 2846 2048 2909; x_wconf 89' lang='lat' dir='ltr'><strong>ab</strong></span> <span class='ocrx_word' id='word_1_171' title='bbox 2112 2866 2216 2928; x_wconf 86' lang='lat' dir='ltr'><strong>ea,</strong></span> <span class='ocrx_word' id='word_1_172' title='bbox 2294 2864 2484 2928; x_wconf 85' lang='lat' dir='ltr'><strong>quam</strong></span> <span class='ocrx_word' id='word_1_173' title='bbox 2549 2849 2611 2908; x_wconf 90' lang='lat' dir='ltr'><strong>et</strong></span> 
     </span>
     <span class='ocr_line' id='line_1_25' title="bbox 512 2948 2113 3036; baseline 0.002 -27"><span class='ocrx_word' id='word_1_174' title='bbox 512 2948 733 3036; x_wconf 79' lang='lat' dir='ltr'><strong>Livius</strong></span> <span class='ocrx_word' id='word_1_175' title='bbox 781 2954 843 3011; x_wconf 88' lang='lat' dir='ltr'><strong>et</strong></span> <span class='ocrx_word' id='word_1_176' title='bbox 890 2948 1260 3013; x_wconf 85' lang='lat' dir='ltr'><strong>Cornificius</strong></span> <span class='ocrx_word' id='word_1_177' title='bbox 1307 2953 1454 3012; x_wconf 89' lang='lat' dir='ltr'><strong>ante</strong></span> <span class='ocrx_word' id='word_1_178' title='bbox 1501 2949 1716 3013; x_wconf 90' lang='lat' dir='ltr'><strong>oeulos</strong></span> <span class='ocrx_word' id='word_1_179' title='bbox 1760 2948 2113 3013; x_wconf 89' lang='lat' dir='ltr'><strong>habuerint.</strong></span> 
     </span>
    </p>

    <p class='ocr_par' dir='ltr' id='par_1_2' title="bbox 511 3049 2618 4056">
     <span class='ocr_line' id='line_1_26' title="bbox 683 3049 2611 3133; baseline 0.001 -20"><span class='ocrx_word' id='word_1_180' title='bbox 683 3050 949 3116; x_wconf 85' lang='lat' dir='ltr'><strong>Prorsus</strong></span> <span class='ocrx_word' id='word_1_181' title='bbox 994 3049 1127 3114; x_wconf 87' lang='lat' dir='ltr'><strong>alia</strong></span> <span class='ocrx_word' id='word_1_182' title='bbox 1170 3050 1331 3114; x_wconf 91' lang='lat' dir='ltr'><strong>ratio</strong></span> <span class='ocrx_word' id='word_1_183' title='bbox 1378 3057 1474 3115; x_wconf 89' lang='lat' dir='ltr'><strong>est</strong></span> <span class='ocrx_word' id='word_1_184' title='bbox 1518 3051 1860 3117; x_wconf 91' lang='lat' dir='ltr'><strong>Plutarchi.</strong></span> <span class='ocrx_word' id='word_1_185' title='bbox 1933 3052 1998 3115; x_wconf 91' lang='lat' dir='ltr'><strong>Is</strong></span> <span class='ocrx_word' id='word_1_186' title='bbox 2043 3070 2429 3133; x_wconf 89' lang='lat' dir='ltr'><strong>quamquam</strong></span> <span class='ocrx_word' id='word_1_187' title='bbox 2473 3049 2611 3115; x_wconf 91' lang='lat' dir='ltr'><strong>bre-</strong></span> 
     </span>
     <span class='ocr_line' id='line_1_27' title="bbox 512 3152 2613 3239; baseline 0 -22"><span class='ocrx_word' id='word_1_188' title='bbox 512 3152 773 3219; x_wconf 78' lang='lat' dir='ltr'><strong>vissime</strong></span> <span class='ocrx_word' id='word_1_189' title='bbox 818 3154 883 3217; x_wconf 90' lang='lat' dir='ltr'><strong>in</strong></span> <span class='ocrx_word' id='word_1_190' title='bbox 926 3153 1061 3217; x_wconf 77' lang='lat' dir='ltr'><strong>vita</strong></span> <span class='ocrx_word' id='word_1_191' title='bbox 1105 3152 1288 3217; x_wconf 87' lang='lat' dir='ltr'><strong>Fabii</strong></span> <span class='ocrx_word' id='word_1_192' title='bbox 1334 3153 1598 3218; x_wconf 86' lang='lat' dir='ltr'><strong>Maximi</strong></span> <span class='ocrx_word' id='word_1_193' title='bbox 1620 3157 1668 3233; x_wconf 78' lang='grc'><strong>2)</strong></span> <span class='ocrx_word' id='word_1_194' title='bbox 1715 3154 1794 3220; x_wconf 89' lang='lat' dir='ltr'><strong>de</strong></span> <span class='ocrx_word' id='word_1_195' title='bbox 1838 3153 1960 3218; x_wconf 86' lang='lat' dir='ltr'><strong>hac</strong></span> <span class='ocrx_word' id='word_1_196' title='bbox 2006 3174 2072 3219; x_wconf 96' lang='grc'><strong>10</strong></span> <span class='ocrx_word' id='word_1_197' title='bbox 2119 3153 2434 3239; x_wconf 85' lang='lat' dir='ltr'><strong>exposuit,</strong></span> <span class='ocrx_word' id='word_1_198' title='bbox 2493 3153 2613 3218; x_wconf 93' lang='lat' dir='ltr'><strong>hoc</strong></span> 
     </span>
     <span class='ocr_line' id='line_1_28' title="bbox 511 3255 2615 3346; baseline 0 -27"><span class='ocrx_word' id='word_1_199' title='bbox 511 3261 726 3321; x_wconf 88' lang='lat' dir='ltr'><strong>tamen</strong></span> <span class='ocrx_word' id='word_1_200' title='bbox 770 3255 1033 3321; x_wconf 86' lang='lat' dir='ltr'><strong>tradidit</strong></span> <span class='ocrx_word' id='word_1_201' title='bbox 1079 3262 1269 3342; x_wconf 86' lang='lat' dir='ltr'><strong>capta</strong></span> <span class='ocrx_word' id='word_1_202' title='bbox 1315 3276 1455 3346; x_wconf 86' lang='lat' dir='ltr'><strong>esse</strong></span> <span class='ocrx_word' id='word_1_203' title='bbox 1499 3256 1665 3321; x_wconf 89' lang='lat' dir='ltr'><strong>binis</strong></span> <span class='ocrx_word' id='word_1_204' title='bbox 1711 3257 1937 3323; x_wconf 90' lang='lat' dir='ltr'><strong>castris</strong></span> <span class='ocrx_word' id='word_1_205' title='bbox 1981 3277 2108 3321; x_wconf 91' lang='lat' dir='ltr'><strong>non</strong></span> <span class='ocrx_word' id='word_1_206' title='bbox 2151 3257 2360 3322; x_wconf 90' lang='lat' dir='ltr'><strong>minus</strong></span> <span class='ocrx_word' id='word_1_207' title='bbox 2397 3258 2615 3323; x_wconf 89' lang='lat' dir='ltr'><strong>decem</strong></span> 
     </span>
     <span class='ocr_line' id='line_1_29' title="bbox 512 3357 2618 3443; baseline 0 -23"><span class='ocrx_word' id='word_1_208' title='bbox 512 3358 713 3422; x_wconf 87' lang='lat' dir='ltr'><strong>millia</strong></span> <span class='ocrx_word' id='word_1_209' title='bbox 748 3357 1090 3421; x_wconf 90' lang='lat' dir='ltr'><strong>hominum.</strong></span> <span class='ocrx_word' id='word_1_210' title='bbox 1164 3358 1407 3435; x_wconf 82' lang='lat' dir='ltr'><strong>Quibus</strong></span> <span class='ocrx_word' id='word_1_211' title='bbox 1440 3358 1507 3421; x_wconf 89' lang='lat' dir='ltr'><strong>in</strong></span> <span class='ocrx_word' id='word_1_212' title='bbox 1543 3359 1730 3424; x_wconf 90' lang='lat' dir='ltr'><strong>rebus</strong></span> <span class='ocrx_word' id='word_1_213' title='bbox 1767 3359 2056 3423; x_wconf 90' lang='lat' dir='ltr'><strong>omnibus</strong></span> <span class='ocrx_word' id='word_1_214' title='bbox 2083 3359 2275 3443; x_wconf 88' lang='lat' dir='ltr'><strong>plane</strong></span> <span class='ocrx_word' id='word_1_215' title='bbox 2307 3359 2618 3424; x_wconf 89' lang='lat' dir='ltr'><strong>consentit</strong></span> 
     </span>
     <span class='ocr_line' id='line_1_30' title="bbox 515 3459 2617 3545; baseline 0 -22"><span class='ocrx_word' id='word_1_216' title='bbox 515 3480 655 3524; x_wconf 91' lang='lat' dir='ltr'><strong>cum</strong></span> <span class='ocrx_word' id='word_1_217' title='bbox 701 3459 903 3543; x_wconf 86' lang='lat' dir='ltr'><strong>Livio,</strong></span> <span class='ocrx_word' id='word_1_218' title='bbox 963 3460 1073 3543; x_wconf 88' lang='lat' dir='ltr'><strong>qui</strong></span> <span class='ocrx_word' id='word_1_219' title='bbox 1119 3481 1199 3526; x_wconf 84' lang='lat' dir='ltr'><strong>ex</strong></span> <span class='ocrx_word' id='word_1_220' title='bbox 1241 3461 1398 3545; x_wconf 90' lang='lat' dir='ltr'><strong>ipsis</strong></span> <span class='ocrx_word' id='word_1_221' title='bbox 1444 3482 1696 3545; x_wconf 88' lang='lat' dir='ltr'><strong>quoque</strong></span> <span class='ocrx_word' id='word_1_222' title='bbox 1743 3462 1851 3545; x_wconf 91' lang='lat' dir='ltr'><strong>qui</strong></span> <span class='ocrx_word' id='word_1_223' title='bbox 1895 3461 1961 3525; x_wconf 89' lang='lat' dir='ltr'><strong>in</strong></span> <span class='ocrx_word' id='word_1_224' title='bbox 2007 3462 2348 3526; x_wconf 89' lang='lat' dir='ltr'><strong>maioribus</strong></span> <span class='ocrx_word' id='word_1_225' title='bbox 2393 3460 2617 3525; x_wconf 86' lang='lat' dir='ltr'><strong>castris</strong></span> 
     </span>
     <span class='ocr_line' id='line_1_31' title="bbox 511 3560 2613 3649; baseline -0.001 -23"><span class='ocrx_word' id='word_1_226' title='bbox 511 3562 790 3648; x_wconf 84' lang='lat' dir='ltr'><strong>fuerant,</strong></span> <span class='ocrx_word' id='word_1_227' title='bbox 854 3564 1047 3628; x_wconf 89' lang='lat' dir='ltr'><strong>tradit</strong></span> <span class='ocrx_word' id='word_1_228' title='bbox 1100 3584 1235 3647; x_wconf 91' lang='lat' dir='ltr'><strong>eos,</strong></span> <span class='ocrx_word' id='word_1_229' title='bbox 1302 3565 1529 3649; x_wconf 86' lang='lat' dir='ltr'><strong>quibus</strong></span> <span class='ocrx_word' id='word_1_230' title='bbox 1584 3565 1750 3629; x_wconf 87' lang='lat' dir='ltr'><strong>vires</strong></span> <span class='ocrx_word' id='word_1_231' title='bbox 1813 3564 2186 3645; x_wconf 84' lang='lat' dir='ltr'><strong>animusque</strong></span> <span class='ocrx_word' id='word_1_232' title='bbox 2248 3560 2613 3641; x_wconf 88' lang='lat' dir='ltr'><strong>defuissent,</strong></span> 
     </span>
     <span class='ocr_line' id='line_1_32' title="bbox 515 3664 2617 3753; baseline -0 -24"><span class='ocrx_word' id='word_1_233' title='bbox 515 3669 895 3732; x_wconf 88' lang='lat' dir='ltr'><strong>remansisse</strong></span> <span class='ocrx_word' id='word_1_234' title='bbox 941 3676 1003 3733; x_wconf 95' lang='grc'><strong>01</strong></span> <span class='ocrx_word' id='word_1_235' title='bbox 1048 3688 1087 3731; x_wconf 91' lang='lat' dir='ltr'><strong>a</strong></span> <span class='ocrx_word' id='word_1_236' title='bbox 1141 3668 1372 3733; x_wconf 88' lang='lat' dir='ltr'><strong>Poenis</strong></span> <span class='ocrx_word' id='word_1_237' title='bbox 1418 3688 1557 3733; x_wconf 90' lang='lat' dir='ltr'><strong>esse</strong></span> <span class='ocrx_word' id='word_1_238' title='bbox 1605 3672 1844 3753; x_wconf 73' lang='lat' dir='ltr'><strong>captos</strong></span> <span class='ocrx_word' id='word_1_239' title='bbox 1873 3668 1920 3748; x_wconf 78' lang='lat'><strong>³)</strong></span> <span class='ocrx_word' id='word_1_240' title='bbox 2008 3666 2178 3729; x_wconf 87' lang='lat' dir='ltr'><strong>Nam</strong></span> <span class='ocrx_word' id='word_1_241' title='bbox 2235 3664 2394 3729; x_wconf 90' lang='lat' dir='ltr'><strong>illud</strong></span> <span class='ocrx_word' id='word_1_242' title='bbox 2444 3664 2617 3729; x_wconf 90' lang='lat' dir='ltr'><strong>haud</strong></span> 
     </span>
     <span class='ocr_line' id='line_1_33' title="bbox 513 3766 2616 3854; baseline 0.001 -24"><span class='ocrx_word' id='word_1_243' title='bbox 513 3766 645 3831; x_wconf 84' lang='lat' dir='ltr'><strong>fere</strong></span> <span class='ocrx_word' id='word_1_244' title='bbox 683 3769 1021 3850; x_wconf 84' lang='lat' dir='ltr'><strong>quisquam</strong></span> <span class='ocrx_word' id='word_1_245' title='bbox 1060 3772 1309 3853; x_wconf 88' lang='lat' dir='ltr'><strong>obiciet,</strong></span> <span class='ocrx_word' id='word_1_246' title='bbox 1359 3770 1528 3854; x_wconf 91' lang='lat' dir='ltr'><strong>quod</strong></span> <span class='ocrx_word' id='word_1_247' title='bbox 1565 3771 1800 3851; x_wconf 79' lang='lat' dir='ltr'><strong>LiviuS,</strong></span> <span class='ocrx_word' id='word_1_248' title='bbox 1849 3789 1992 3833; x_wconf 91' lang='lat' dir='ltr'><strong>cum</strong></span> <span class='ocrx_word' id='word_1_249' title='bbox 2027 3774 2227 3833; x_wconf 90' lang='lat' dir='ltr'><strong>totam</strong></span> <span class='ocrx_word' id='word_1_250' title='bbox 2263 3788 2394 3833; x_wconf 91' lang='lat' dir='ltr'><strong>rem</strong></span> <span class='ocrx_word' id='word_1_251' title='bbox 2430 3787 2616 3832; x_wconf 89' lang='lat' dir='ltr'><strong>accu-</strong></span> 
     </span>
     <span class='ocr_line' id='line_1_34' title="bbox 516 3870 2616 3955; baseline 0.001 -23"><span class='ocrx_word' id='word_1_252' title='bbox 516 3870 713 3934; x_wconf 91' lang='lat' dir='ltr'><strong>ratius</strong></span> <span class='ocrx_word' id='word_1_253' title='bbox 770 3870 1115 3955; x_wconf 90' lang='lat' dir='ltr'><strong>describat,</strong></span> <span class='ocrx_word' id='word_1_254' title='bbox 1181 3872 1515 3938; x_wconf 89' lang='lat' dir='ltr'><strong>duodecim</strong></span> <span class='ocrx_word' id='word_1_255' title='bbox 1572 3874 1774 3937; x_wconf 88' lang='lat' dir='ltr'><strong>millia</strong></span> <span class='ocrx_word' id='word_1_256' title='bbox 1827 3871 2131 3936; x_wconf 90' lang='lat' dir='ltr'><strong>ducentos</strong></span> <span class='ocrx_word' id='word_1_257' title='bbox 2187 3871 2406 3955; x_wconf 85' lang='lat' dir='ltr'><strong>efficit,</strong></span> <span class='ocrx_word' id='word_1_258' title='bbox 2470 3871 2616 3936; x_wconf 91' lang='lat' dir='ltr'><strong>Plu-</strong></span> 
     </span>
     <span class='ocr_line' id='line_1_35' title="bbox 516 3969 2617 4056; baseline 0 -20"><span class='ocrx_word' id='word_1_259' title='bbox 516 3972 799 4047; x_wconf 76' lang='lat' dir='ltr'><strong>tarchuS‚</strong></span> <span class='ocrx_word' id='word_1_260' title='bbox 868 3992 1007 4036; x_wconf 91' lang='lat' dir='ltr'><strong>cum</strong></span> <span class='ocrx_word' id='word_1_261' title='bbox 1071 3974 1347 4040; x_wconf 85' lang='lat' dir='ltr'><strong>breviter</strong></span> <span class='ocrx_word' id='word_1_262' title='bbox 1411 3982 1658 4041; x_wconf 87' lang='lat' dir='ltr'><strong>tantum</strong></span> <span class='ocrx_word' id='word_1_263' title='bbox 1721 3969 2114 4056; x_wconf 88' lang='lat' dir='ltr'><strong>strictimque</strong></span> <span class='ocrx_word' id='word_1_264' title='bbox 2177 3995 2310 4041; x_wconf 88' lang='lat' dir='ltr'><strong>rem</strong></span> <span class='ocrx_word' id='word_1_265' title='bbox 2371 3980 2617 4056; x_wconf 84' lang='lat' dir='ltr'><strong>tangat,</strong></span> 
     </span>
    </p>
   </div>
   <div class='ocr_carea' id='block_1_2' title="bbox 684 4120 928 4127">
    <p class='ocr_par' dir='ltr' id='par_1_3' title="bbox 684 4120 928 4127">
     <span class='ocr_line' id='line_1_36' title="bbox 684 4120 928 4127; baseline 0 798"><span class='ocrx_word' id='word_1_266' title='bbox 684 4120 928 4127; x_wconf 95' lang='lat' dir='ltr'><strong> </strong></span> 
     </span>
    </p>
   </div>
   <div class='ocr_carea' id='block_1_3' title="bbox 688 4194 1817 4264">
    <p class='ocr_par' dir='ltr' id='par_1_4' title="bbox 688 4194 1817 4264">
     <span class='ocr_line' id='line_1_37' title="bbox 688 4194 1817 4264; baseline 0.004 -18"><span class='ocrx_word' id='word_1_267' title='bbox 688 4196 731 4264; x_wconf 85' lang='lat'><strong>¹)</strong></span> <span class='ocrx_word' id='word_1_268' title='bbox 770 4194 942 4258; x_wconf 87' lang='lat' dir='ltr'><strong>XXII,</strong></span> <span class='ocrx_word' id='word_1_269' title='bbox 980 4196 1061 4259; x_wconf 79' lang='lat'><strong>53.</strong></span> <span class='ocrx_word' id='word_1_270' title='bbox 1135 4194 1179 4263; x_wconf 81' lang='lat'><strong>²)</strong></span> <span class='ocrx_word' id='word_1_271' title='bbox 1218 4212 1259 4251; x_wconf 85' lang='lat' dir='ltr'><strong>e.</strong></span> <span class='ocrx_word' id='word_1_272' title='bbox 1301 4195 1379 4251; x_wconf 89' lang='grc'><strong>16.</strong></span> <span class='ocrx_word' id='word_1_273' title='bbox 1453 4194 1495 4263; x_wconf 79' lang='lat'><strong>⁸)</strong></span> <span class='ocrx_word' id='word_1_274' title='bbox 1530 4195 1700 4261; x_wconf 88' lang='lat' dir='ltr'><strong>XXII,</strong></span> <span class='ocrx_word' id='word_1_275' title='bbox 1736 4197 1817 4251; x_wconf 82' lang='lat'><strong>52.</strong></span> 
     </span>
    </p>
   </div>
   <div class='ocr_carea' id='block_1_4' title="bbox 1212 4362 1365 4427">
    <p class='ocr_par' dir='ltr' id='par_1_5' title="bbox 1212 4362 1365 4427">
     <span class='ocr_line' id='line_1_38' title="bbox 1212 4362 1365 4427; baseline 0 -50"><span class='ocrx_word' id='word_1_276' title='bbox 1212 4381 1263 4427; x_wconf 42' lang='grc' dir='ltr'><strong>ι</strong></span> <span class='ocrx_word' id='word_1_277' title='bbox 1350 4362 1365 4377; x_wconf 79' lang='lat'><strong>.</strong></span> 
     </span>
    </p>
   </div>
  </div>
 </body>
</html>
