3117 4925
1464 351 1503 416 8

430 539 639 618 veluti
648 551 983 619 Armorum
1018 554 1327 621 iudicium
1358 557 1467 640 (ΙΙ,
1488 559 1590 640 26,
1609 555 1745 639 42),
1785 557 2128 640 Antiopam
2151 559 2256 642 (Π,
2279 559 2379 641 27,
2399 559 2530 643 43),

432 654 830 721 Dulorestem
878 657 985 739 (ΙΙ,
1024 657 1127 738 23,
1166 656 1293 742 36),
1342 667 1407 724 et
1450 659 1682 724 Teucri
1727 679 1830 725 me
1875 659 2128 742 quidem
2175 660 2386 727 iudice
2429 683 2528 726 ar-

431 763 799 840 gumentum·
820 758 889 822 in
906 757 1119 823 medio
1140 759 1414 825 collocat
1430 759 1508 842 (Ι,
1536 763 1635 840 11,
1660 761 1768 843 18;
1796 761 1892 844 17,
1915 763 2026 843 273
2047 763 2126 844 ΙΙ,
2156 764 2252 843 19,
2268 763 2380 844 283
2401 763 2528 843 30).

430 859 487 922 Ε
521 879 783 926 numero
820 867 1034 926 autem
1070 861 1457 928 comicorum
1492 862 1868 927 nominatim
1903 863 2033 928 nisi
2068 883 2232 947 eum,
2271 865 2382 946 qui
2415 865 2531 929 illa

430 967 643 1026 aetate
676 961 863 1044 quasi
896 962 1147 1044 revixit,
1185 963 1485 1029 Plautum
1522 962 1840 1029 neminem
1878 965 2034 1029 citat
2071 965 2176 1047 (ΙΙ,
2207 968 2310 1048 23,
2331 965 2463 1050 35),
2479 967 2528 1048 l)

430 1064 535 1128 cui
596 1065 810 1130 nescio
870 1085 955 1130 an
1000 1085 1219 1131 versus
1280 1085 1535 1148 quoque
1599 1065 1958 1131 trochaicus
2004 1067 2109 1148 IV,
2161 1067 2270 1149 25,
2325 1069 2408 1132 39
2467 1076 2530 1132 et

428 1185 650 1232 versus
694 1165 953 1232 iambici
997 1167 1105 1249 IV,
1142 1169 1201 1250 9,
1242 1169 1325 1232 14
1367 1167 1743 1251 assignandi
1789 1167 1934 1232 sint.
2024 1168 2370 1252 Lucilium,
2427 1190 2530 1233 sa-

430 1269 691 1334 tirarum
754 1277 1035 1353 poetam,
1100 1270 1279 1336 cuius
1340 1271 1534 1336 etiam
1591 1270 1672 1334 de
1723 1269 1860 1334 vita
1912 1269 2224 1352 quaedam
2281 1271 2532 1354 accepit

430 1370 535 1453 (Π,
577 1372 675 1453 13,
708 1370 837 1453 19),
875 1379 1133 1455 propter
1166 1372 1616 1436 inconcinnam
1633 1373 1970 1437 verborum
2007 1372 2529 1437 transiectionem

428 1472 749 1556 vituperat
803 1473 943 1554 (IV,
994 1475 1104 1553 12,
1160 1473 1267 1553 18)
1330 1473 1472 1538 loco
1536 1480 1872 1557 propterea
1935 1493 2186 1554 quoque
2249 1474 2532 1538 notando

374 1609 379 1612 ·
430 1573 603 1656 quod
666 1574 815 1639 inde
876 1574 946 1638 in
1006 1574 1289 1639 editione
1352 1574 1642 1658 principe
1705 1574 1936 1640 satiras
1996 1575 2064 1638 in
2117 1575 2278 1640 duos
2334 1575 2531 1641 libros

430 1676 673 1742 divisas
734 1675 932 1742 fuisse
994 1684 1281 1760 apparet.
1381 1677 1672 1758 Denique
1734 1697 1859 1741 non
1921 1676 2150 1740 mirum
2209 1684 2308 1742 est
2369 1677 2534 1742 scire

428 1778 799 1863 scriptorem
845 1778 920 1875 Ι.
897 1777 1259 1902 θωΑοοίιιιιι,
1316 1777 1517 1843 aetati
1563 1778 1700 1844 eius
1747 1797 2116 1862 supparem,
2173 1779 2231 1842 si
2273 1778 2532 1859 quidem

426 1887 570 1965 post
623 1863 947 1944 annul-11⁶⁶
898 1919 982 1925 -
916 1865 1269 1970 9geonstat
1312 1899 1459 1944 eum
1502 1880 1569 1943 in
1614 1880 1749 1944 vita
1791 1880 2008 1959 fuisse,
2033 1880 2084 1960 Β)
2147 1899 2292 1945 cum
2339 1879 2530 1944 mimo

426 1981 706 2064 quodam
767 1980 847 2046 de
908 1981 1143 2046 iniuria
1206 1981 1521 2064 litigasse,
1603 1982 1831 2046 mirum
1893 1989 2018 2061 est,
2084 2001 2212 2046 non
2273 1981 2530 2046 fabulas

430 2081 717 2148 eiusdem
780 2083 1032 2148 citasse.
1124 2083 1321 2148 Cuius
1382 2083 1503 2165 rei,
1579 2103 1722 2149 cum
1784 2103 1910 2148 non
1972 2090 2244 2167 putem
2251 2082 2532 2147 nondum

432 2184 765 2266 evolgatas
800 2184 1001 2250 tuisse
1038 2184 1221 2250 Accii
1252 2185 1509 2250 fabulas
1544 2205 1713 2250 anno
1751 2169 1857 2274 ἐξ,
1901 2184 2025 2248 id
2007 2205 2074 2248 ιιι
2101 2205 2298 2250 causa
2325 2184 2532 2250 tuisse

430 2286 643 2371 potius
681 2284 1080 2368 crediderim,
1126 2285 1299 2367 quod
1336 2285 1624 2369 scriptor,
1673 2306 1818 2350 cum
1854 2293 2100 2351 ceteros
2135 2293 2358 2371 poetas
2395 2294 2535 2352 tan-

432 2396 571 2454 tum
603 2388 1009 2472 vituperandi
1054 2407 1253 2453 cansa
1288 2387 1600 2470 citaverit,
1648 2387 1814 2452 hunc
1851 2389 1944 2452 ita
1979 2388 2110 2453 illis
2147 2389 2538 2473 praeposuit,

432 2497 503 2556 ut
546 2512 626 2557 ea
670 2490 815 2575 ipsa
856 2489 939 2555 de
983 2510 1181 2555 causa
1224 2489 1466 2555 citandi
1510 2489 1722 2555 locum
1767 2510 1895 2557 non
1930 2489 2247 2555 inveniret
2281 2497 2344 2555 et
2379 2491 2543 2555 satis

436 2594 699 2659 haberet
734 2591 1097 2657 fabularum
1124 2598 1509 2674 argumenta
1542 2590 1788 2675 passim
1823 2592 2184 2675 protulisse.
2257 2593 2358 2656 An
2395 2611 2539 2656 cum

436 2695 812 2762 Cornificius
851 2694 1115 2759 Atreum
1152 2692 1527 2759 erudelitate
1564 2692 1881 2775 insignem
1918 2692 1942 2775 (
1947 2694 2054 2774 IV,
2091 2696 2196 2775 34,
2231 2693 2364 2777 46),
2401 2713 2546 2757 cum

440 2797 901 2879 Triptolemum
961 2796 1321 2860 hominibus
1394 2814 1612 2861 semen
1683 2795 2059 2877 largientem
2122 2796 2234 2878 (IV
2251 2844 2268 2877 ,
2323 2798 2394 2877 6,
2449 2794 2542 2876 9),

438 2898 891 2965 Prometheum
951 2896 1323 2963 mortalibus
1374 2896 1588 2980 ignem
1649 2894 2059 2977 dividentem,
2126 2897 2548 2962 Philoctetam

440 3000 693 3083 sagittis
756 3000 889 3065 suis
950 2998 1211 3063 Troiam
1284 3004 1757 3082 expugnantem
1821 2998 1969 3081 (IV,
2025 3000 2136 3079 30,
2189 2996 2326 3081 41),
2407 3018 2552 3063 cum

438 3104 725 3168 Aeneam
786 3102 962 3183 pium
1018 3100 1166 3184 (IV,
1220 3102 1334 3183 34,
1379 3099 1523 3183 46),
1603 3100 1869 3163 Brutum
1941 3100 2212 3181 patriam
2281 3100 2553 3165 liberan-

456 3212 586 3271 tem
624 3202 759 3287 (IV,
796 3204 901 3285 53,
934 3202 1068 3286 66),
1114 3202 1383 3267 Decium
1428 3208 1696 3267 mortem
1737 3222 1852 3285 pro
1899 3200 2109 3285 patria
2151 3207 2558 3287 oppetentem

460 3306 593 3389 (IV,
626 3306 733 3387 44,
770 3305 898 3387 57),
944 3323 1090 3369 cum
1134 3303 1252 3369 has
1298 3322 1517 3369 omnes
1562 3302 1922 3369 fabularum
1957 3304 2384 3369 Accianarum
2417 3324 2557 3387 per-

456 3426 654 3475 sonas
712 3413 1066 3487 enumerat,
1128 3406 1293 3471 torte
1344 3404 1600 3470 fortuna
1642 3406 1762 3470 hoc
1807 3424 1926 3469 usu
1965 3406 2219 3471 venisse
2261 3412 2564 3488 putamus

461 3531 547 3577 ae
604 3529 739 3575 non
793 3508 1006 3592 potius
1066 3507 1135 3573 in
1196 3513 1472 3573 mentem
1532 3506 1787 3573 venisse
1847 3508 2140 3593 scriptori
2201 3507 2563 3599 fabularum

466 3611 937 3696 ‹trepidatur—um
980 3610 1185 3694 Atrei,
1250 3609 1652 3695 Triptolemi,
1706 3609 2094 3692 Promethei,
2149 3608 2566 3689 Philoctetae,

468 3716 941 3799 praetextarum
985 3711 1167 3777 Bruti
1210 3719 1275 3777 et
1317 3711 1503 3777 Decii
1547 3712 1684 3777 sive
1725 3710 2141 3777 Aeneadum?
2193 3709 2568 3795 praesertim

473 3836 618 3881 cum
678 3813 1020 3880 histriones
1074 3814 1305 3881 aetatis
1358 3814 1533 3879 illius
1586 3814 1776 3897 longe
1830 3812 2412 3897 praestantissimos
2458 3832 2568 3877 no-

653 4054 697 4121 ¹)
733 4052 801 4106 cf.
836 4050 1117 4105 Bitschelii
1152 4051 1414 4107 animadv.
1452 4051 1507 4103 in
1542 4067 1625 4107 vv.
1665 4050 1957 4104 Trinummi
1995 4050 2214 4105 23—26.

651 4137 697 4209 ¹)
733 4137 849 4195 Val.
888 4136 1025 4193 Max.
1067 4136 1160 4202 111,
1197 4138 1242 4202 7,
1284 4136 1361 4189 ll.
