3117 4925
1470 383 1554 447 36

462 584 711 667 iniisse;
766 583 912 652 illos
958 605 1103 652 cum
1149 585 1229 650 de
1275 592 1443 652 sorte
1485 587 2010 672 FregeUanorum
2051 587 2415 668 exemplum
2449 609 2574 673 pe·-

459 692 601 780 tere·
634 687 1019 771 potuissent,
1068 694 1306 754 certum
1352 709 1491 754 esse
1535 709 1665 753 non
1711 689 1847 754 sine
1893 687 2110 771 aliqua
2155 711 2269 776 spe
2314 691 2563 756 externi

460 785 687 853 auxilii
730 810 911 854 arma
965 790 1315 856 sustulisse.
1406 791 1702 857 Erratum
1754 791 1949 876 igitur
2003 797 2100 856 est
2153 792 2235 857 ab
2280 792 2386 876 iis,
2450 791 2560 876 qui

459 891 674 956 omnia
726 889 839 957 illa
893 892 1219 977 exempla,
1284 894 1514 975 quibus
1570 894 1924 978 proditores
1968 894 2216 980 patriae
2259 895 2570 978 perstrin-

458 999 693 1078 guntur
718 1013 1005 1078 quaeque
1033 1015 1149 1060 nos
1178 995 1404 1060 sociali
1435 995 1600 1059 bello
1633 995 2057 1082 attribuimuS,
2086 995 2211 1060 huc
2229 991 2560 1062 referenda

459 1103 853 1162 censuerunt.
877 1095 924 1180 1)
1012 1095 1142 1162 Sed
1184 1119 1264 1163 ne
1307 1096 1464 1180 quid
1506 1097 1716 1164 nimis.

626 1197 973 1264 Veniamus
1017 1200 1147 1264 iam
1193 1199 1279 1264 ad
1324 1201 1393 1266 O.
1440 1205 1503 1264 et
1538 1199 1637 1265 Ti.
1678 1200 2020 1266 Gracchos.
2113 1198 2239 1277 Qui
2282 1219 2411 1281 qua
2455 1221 2559 1264 ra-

458 1304 630 1369 tione
675 1305 937 1386 nepotes
980 1301 1271 1366 Africani
1306 1338 1391 1350 —
1427 1301 1801 1367 Africanum
1855 1302 2023 1367 enim
2078 1322 2328 1386 semper
2370 1309 2560 1367 vocat

457 1400 833 1471 Cornificius
868 1403 1174 1468 maiorem
1193 1403 1555 1490 Scipionem
1577 1403 1710 1488 (IV,
1743 1405 1846 1487 25,
1877 1405 1986 1488 343
2027 1403 2126 1484 15,
2149 1405 2259 1485 223
2298 1407 2400 1487 31,
2421 1404 2556 1488 42),

456 1527 599 1572 cum
655 1505 964 1569 minorem
1018 1505 1393 1591 simpliciter
1444 1507 1808 1590 Scipionem
1862 1505 2142 1592 appellet
2187 1505 2327 1590 (ΠΙ,
2375 1509 2436 1590 2,
2481 1505 2554 1591 ’2;

452 1602 561 1694 IV,
602 1609 703 1690 13,
738 1607 848 1689 19;
886 1609 990 1690 32,
1018 1607 1132 1692 43)
1154 1645 1234 1653 -
1255 1610 1501 1693 possint
1529 1608 1844 1702 nominari
1865 1607 1994 1691 (IV,
2029 1608 2126 1691 15,
2149 1609 2259 1690 223
2298 1610 2400 1691 31,
2421 1609 2571 1694 42),

454 1710 801 1795 quantique
857 1731 1072 1775 eorum
1125 1717 1408 1795 ternpore
1462 1711 1766 1776 tumultus
1817 1711 2052 1776 fuerint
2097 1711 2232 1794 (IV,
2281 1713 2384 1795 28,
2421 1711 2556 1796 38),

454 1813 776 1900 explicare
821 1813 1223 1898 supersedeo,
1312 1814 1473 1879 Item
1520 1834 1684 1898 quae
1729 1814 1998 1898 scriptor
2041 1813 2119 1878 de
2165 1814 2233 1879 O.
2282 1814 2560 1880 Gracchi

449 1915 766 1982 occisione
828 1922 1279 1980 commemorat
1339 1916 1795 2001 praedicatque
1852 1915 1982 1999 (IV,
2039 1917 2150 1998 22,
2206 1916 2346 2000 31),
2411 1937 2558 1982 cum

447 2026 602 2084 nota
662 2019 788 2083 sint
850 2021 1044 2098 atque
1108 2017 1280 2102 apud
1342 2038 1562 2084 omnes
1615 2019 2017 2104 pervolgata,
2081 2019 2326 2085 leviora
2379 2019 2553 2094 sunt:

448 2113 565 2185 illa'
606 2139 757 2185 vero
802 2117 1204 2201 gravissima,
1254 2140 1419 2202 quae
1464 2119 1544 2184 de
1590 2121 1688 2185 Ti.
1729 2121 2008 2186 Gracchi
2051 2128 2253 2187 morte
2297 2118 2556 2188 uberius

448 2217 744 2308 exposuit
788 2221 918 2304 (IV,
956 2221 1061 2304 55,
1100 2221 1231 2304 68).
1320 2224 1559 2288 Narrat
1603 2222 1770 2288 euim
1814 2221 2005 2288 haec:

618 2371 657 2400 „
670 2325 847 2406 Quod
888 2327 1068 2388 simul
1108 2338 1281 2412 atque
1307 2323 1612 2390 Gracchus
1647 2330 1894 2414 aspexit,
1924 2327 2226 2412 fluctuare
2260 2329 2556 2416 populum

616 2423 921 2523 verentem,
958 2452 1029 2493 ne
1056 2432 1181 2517 ipse
1208 2433 1555 2494 auctoritate
1583 2441 1902 2493 commotus
1929 2434 2210 2495 sententia
2239 2435 2553 2505 desisteret,

621 2534 779 2598 iubet
837 2536 1120 2597 advocari
1179 2538 1520 2599 contionem.
1583 2537 1688 2597 iste
1740 2535 1966 2597 interea
2017 2534 2222 2598 scelere
2275 2547 2330 2598 et
2379 2535 2567 2597 malis

621 2638 1065 2723 coyitationibus
1106 2640 1453 2701 redundans
1496 2638 1684 2701 evolat
1726 2659 1754 2699 e
1801 2636 2012 2723 templo
2055 2638 2233 2711 Iocis,
2277 2634 2366 2722 -Ι-
2391 2649 2556 2701 sta-ns

620 2742 798 2804 oculis
832 2740 1193 2811 ardentibuS,
1232 2752 1415 2803 erecto
1451 2740 1683 2825 capill0,
1721 2750 1986 2801 contorta
2023 2750 2174 2824 toya.
2208 2740 2300 2803 illi
2331 2764 2565 2826 praeco·

605 2844 876 2929 faciebat
924 2844 1292 2905 audientiam
1299 2866 1319 2916 ,·
1380 2840 1473 2905 hio
1523 2841 1856 2903 subsellium
1911 2864 2110 2904 excors
2131 2842 2181 2920 ²)
2227 2842 2380 2905 calce
2411 2866 2555 2929 pre·
2607 2858 2610 2862 ’

620 2968 785 3008 mens
840 2944 1082 3007 dextera
1134 2946 1351 3031 pedem
1404 2943 1694 3029 defrinqit
1745 2955 1800 3007 et
1847 2944 1954 3006 hoc
2006 2944 2158 3007 alios
2196 2946 2356 3008 iubet
2394 2947 2555 3009 idem

608 3046 833 3132 facere.
878 3070 1055 3132 quom
1082 3044 1387 3111 Gracchus
1419 3048 1556 3110 deos
1589 3048 1871 3133 inciperet
1901 3050 2160 3133 precari,
2206 3050 2423 3111 cursim
2457 3050 2574 3111 isti·

620 3152 883 3236 inpetum
906 3150 1152 3236 facimzt
1184 3162 1241 3213 et
1272 3172 1344 3213 ex
1380 3150 1514 3211 aliis
1549 3146 1704 3210 alius
1728 3150 2008 3234 partibus
2043 3153 2366 3213 comminus
2401 3173 2568 3213 acce-
2623 3214 2628 3217 .

620 3254 771 3315 dunt
787 3252 839 3331 8)
886 3264 1060 3338 atque
1102 3275 1133 3315 e
1174 3252 1403 3339 populo
1446 3273 1631 3314 unus:
1693 3250 1876 3323 „heus
1920 3262 1982 3313 tu
1997 3251 2052 3330 4’)
2096 3250 2276 3347 fuye,
2339 3256 2554 3339 iuquit,

624 3419 667 3489 ¹)
706 3418 1114 3504 Cornif.1V‚9,
1154 3419 1242 3481 133
1282 3419 1361 3483 11,
1400 3419 1489 3481 16;
1534 3420 1620 3485 27,
1659 3420 1724 3473 37
1765 3419 1891 3487 (non
1927 3418 2041 3473 dico
2075 3422 2132 3472 te
2167 3421 2236 3473 ab
2271 3420 2428 3475 sociis
2462 3436 2557 3488 pe·

447 3504 633 3603 eunias
668 3520 713 3560 e.
751 3522 800 3573 q.
838 3506 905 3573 S.)
944 3504 1007 3559 cf.
1044 3502 1380 3573 Langiuml.
1416 3504 1664 3573 c.111p.
1701 3503 1784 3558 27.

620 3584 667 3659 ¹)
703 3606 977 3659 perperam
1010 3590 1279 3658 Kayserus
1322 3590 1495 3657 priore
1540 3588 1769 3663 editione
1818 3588 1996 3656 „quod
2029 3592 2152 3642 erat
2185 3588 2248 3642 iu
2281 3588 2456 3657 foro“
2492 3605 2556 3642 ex

452 3676 805 3744 corrupteliS,
810 3679 1004 3742 ,“seors
1041 3678 1241 3741 ‚,scoro‘
1246 3676 1562 3737 ‘effeceram
1597 3673 1810 3740 longius
1837 3687 2040 3743 quoque
2071 3674 2372 3728 coniectura
2398 3674 2556 3741 ,-,3ub

450 3764 705 3815 vorsum“
741 3762 915 3829 petita
948 3760 1085 3813 mihi
1119 3760 1329 3814 videtur
1364 3760 1429 3815 cf.
1467 3759 1751 3813 Iordanum
1785 3760 1820 3814 1.
1859 3775 1902 3815 c.

626 3834 683 3915 ⁸)¹
708 3846 807 3900 hoc
842 3845 975 3899 mihi
1010 3847 1184 3899 inesse
1219 3846 1429 3900 videtur
1462 3847 1519 3899 in
1546 3844 1786 3899 codicum
1812 3845 2087 3913 scripturis
2123 3846 2568 3913 „commodauff‘,

457 3932 907 3998 ,commendaut“,
954 3931 1095 3985 unde
1129 3932 1477 4000 plurimorum
1513 3932 1605 3985 sed
1643 3930 1962 3985 deteriorum
1998 3927 2242 3985 codicum
2271 3931 2564 4000 scriptores

450 4017 787 4073 coniecerunt
821 4020 1192 4084 „commeanffl
1218 4018 1309 4071 vel
1333 4017 1708 4084 „convolauff‘,
1735 4016 2002 4087 Kayserus
2031 4018 2296 4085 superiore
2323 4017 2565 4070 editione

445 4118 727 4172 perperam
761 4105 1159 4170 „coumetant“,
1193 4119 1333 4157 nunc
1369 4105 1684 4158 commeant.

623 4186 669 4258 ⁴)
707 4188 771 4243 cf.
807 4188 1092 4243 Iordanum
1125 4188 1163 4241 l.
1200 4205 1243 4244 c.
