3117 4925
1542 395 1626 462 41

528 597 855 665 Plutarchi
898 599 1180 667 fontibus
1225 600 1389 666 inter
1432 601 1603 668 viros
1649 601 1868 668 doctos
1914 599 2272 683 ambigitur,
2315 607 2387 665 ut
2429 617 2634 682 nuper

525 701 839 768 Robertus
884 701 1172 770 Schmidt
1192 709 1238 784 ¹)
1284 705 1613 788 permultis
1631 757 1646 788 ,
1692 704 1860 770 unde
1904 723 2021 771 sua
2064 707 2279 788 petere
2305 699 2630 784 'potuisset

526 804 813 889 scriptor,
852 805 1135 871 fontibus
1171 805 1555 872 enumeratis
1591 807 1710 872 hoc
1747 807 1952 872 solum
1989 825 2103 890 pro
2141 809 2311 869 certo
2338 821 2407 868 se
2435 819 2628 887 posse

524 906 845 972 affirmare
906 907 1102 974 libere
1164 908 1490 974 confessus
1552 909 1664 992 sit,
1745 929 1874 976 non
1936 927 2126 994 posse
2187 912 2361 971 certa
2420 905 2629 968 fontes

529 1008 857 1074 Plutarchi
902 1007 1320 1075 demonstrari
1363 1013 1929 1094 argumentatione.
2017 1009 2244 1093 Neque
2289 1007 2418 1072 alia
2464 1005 2627 1070 ratio

532 1116 627 1175 est
682 1110 950 1175 fontium
996 1111 1304 1197 Appiani,
1370 1115 1478 1196 qui
1534 1134 1678 1178 cum
1723 1113 1937 1179 multis
1981 1113 2048 1177 in
2102 1112 2317 1192 rebuS,
2376 1116 2509 1174 tum
2561 1098 2626 1172 in

522 1212 744 1277 mortis
800 1213 898 1277 Ti.
957 1213 1231 1279 Gracchi
1293 1215 1718 1302 descriptione
1779 1216 2084 1281 nonnulla
2144 1219 2325 1300 parte
2387 1233 2427 1277 a
2479 1211 2625 1275 Plu-

519 1314 744 1379 tarcho
791 1315 1103 1380 dissentit.
1197 1315 1317 1383 Cui
1358 1318 1624 1384 Peterus
1645 1321 1695 1400 ²)
1745 1317 2186 1403 Sempronium
2234 1312 2624 1380 Asellionem

514 1417 740 1483 dubito
786 1437 937 1484 num
982 1419 1115 1484 iure
1152 1426 1476 1486 auctorem
1513 1421 1974 1504 assignandum
2011 1419 2386 1504 suspicetur.
2455 1415 2624 1479 Nam

521 1521 711 1602 quam
747 1520 938 1587 sacsse
974 1521 1058 1586 sit
1092 1521 1159 1586 in
1194 1522 1316 1588 hac
1354 1543 1420 1588 re
1456 1523 1710 1607 quidvis
1749 1523 2083 1609 suspicari,
2131 1540 2325 1604 quam
2360 1517 2624 1583 difficile

524 1623 884 1690 necessarie
946 1622 1406 1708 demonstrare,
1476 1627 1826 1692 luculenter
1886 1632 2156 1711 apparet
2212 1645 2292 1689 ex
2343 1643 2422 1688 ea
2483 1641 2623 1686 sen-

518 1723 749 1806 tentia,
814 1723 901 1790 ad
944 1747 1135 1810 quam
1178 1727 1499 1812 Wijnnius
1545 1727 1934 1814 pervenitzss)
2014 1727 2201 1802 „Veri
2261 1728 2446 1791 simile
2508 1751 2625 1790 esse

518 1829 782 1892 indicaui
814 1833 1170 1916 Appianum
1205 1831 1521 1905 Rutilium,
1558 1833 1971 1904 Posidonium,
2008 1829 2256 1895 Livium
2289 1853 2623 1916 usurpasse.

521 1925 748 1994 Ceteros
791 1932 866 1994 ab
910 1955 975 1996 eo
1019 1933 1300 2019 neylectos
1342 1935 1508 1998 haud
1541 1937 1848 2022 perhibui,
1906 1937 2010 1998 secl
2051 1937 2123 1998 cle
2166 1935 2284 2007 his,
2340 1957 2485 1996 uum
2530 1955 2624 1996 eos

516 2033 876 2107 adhibuerit,
940 2059 1059 2099 uon
1103 2037 1322 2122 liquere
1366 2041 1654 2102 ostend-effi
1743 2037 1969 2120 Itaque
2015 2035 2356 2121 desperare
2401 2033 2620 2098 malim

516 2152 658 2199 cum
702 2133 1008 2201 Boehmio
1024 2135 1077 2219 ⁴)
1133 2137 1340 2204 fontes
1384 2139 1669 2224 Appiani
1725 2159 2004 2222 unquam
2057 2159 2246 2225 posse
2303 2137 2616 2219 indagari,

514 2229 705 2319 quam
754 2237 923 2320 quod
968 2239 1107 2323 ipse
1161 2261 1276 2324 pro
1332 2248 1502 2305 certo
1556 2261 1685 2306 non
1741 2241 2038 2323 habeam,
2102 2239 2248 2306 aliis
2291 2261 2401 2317 pro
2447 2246 2618 2304 certo

516 2335 850 2404 affirmare.
942 2341 1079 2406 Hoc
1136 2350 1347 2407 autem
1402 2344 1480 2425 ii,
1548 2345 1658 2426 qui
1721 2344 1800 2410 de
1842 2344 2168 2410 Plutarchi
2213 2341 2621 2429 Appianique

512 2439 792 2508 fontibus
839 2445 1179 2529 scripsere,
1229 2443 1393 2510 inter
1438 2446 1600 2512 alios
1645 2445 1798 2512 mihi
1841 2447 2296 2534 probaverunt,
2353 2443 2620 2511 testibus

512 2564 719 2608 rerum
758 2552 1093 2631 utrumque
1131 2568 1312 2613 usum
1346 2568 1506 2631 esse,
1545 2549 1659 2614 sed
1691 2549 2087 2632 diligentiore
2116 2554 2178 2615 et
2210 2546 2618 2632 locupletiore

506 2645 894 2733 Appianum.
916 2648 968 2733 ⁵)

682 2749 907 2831 Neque
969 2752 1177 2817 minus
1224 2750 1547 2819 Cornificii
1610 2754 1702 2819 ita
1765 2762 2136 2839 comparata
2201 2761 2297 2820 est
2357 2752 2448 2817 rei
2509 2749 2616 2815 de-

510 2852 793 2937 scriptio,
842 2860 911 2917 ut
954 2854 1095 2939 ipse
1140 2874 1395 2940 quoque
1444 2858 1581 2923 eius
1629 2856 1814 2941 quasi
1858 2858 2215 2944 praesentis
2267 2854 2617 2940 exprimere

510 2953 807 3019 videatur
868 2956 1237 3042 imaginem.
1345 2962 1447 3025 An
1510 2961 2007 3046 appellationem
2064 2960 2332 3041 Tiberii,
2414 2956 2616 3041 ipsius

510 3052 787 3121 Nasicae
831 3059 1066 3142 scelus,
1132 3060 1287 3126 itum
1334 3062 1757 3145 reditumque,
1825 3064 2180 3147 contionem
2237 3060 2366 3126 alia
2411 3061 2503 3125 ita
2545 3067 2616 3124 ut

512 3154 922 3244 describeret,
989 3163 1124 3227 solo
1170 3163 1445 3249 partium
1492 3166 1819 3250 scriptoris
1865 3164 2075 3231 studio
2119 3164 2358 3229 tactum
2403 3170 2610 3247 putas,

504 3264 637 3324 'non
672 3260 869 3328 fontis
906 3264 1179 3332 alicuius
1215 3266 1475 3333 indole?
1528 3270 1612 3333 At
1649 3267 1769 3332 hoc
1801 3288 2060 3353 prorsus
2096 3287 2223 3333 non
2259 3274 2356 3332 est
2391 3266 2611 3332 Corni-

504 3358 639 3426 ficii
679 3362 854 3445 ipsas
898 3383 999 3430 res
1034 3367 1138 3432 vel
1174 3370 1461 3434 ementiri
1496 3371 1600 3436 vel
1637 3368 1958 3437 narrando
2007 3370 2364 3455 depravare
2412 3373 2607 3451 atque

508 3482 926 3550 corrumpere.
1018 3471 1372 3535 Accusatur
1415 3470 1633 3557 Scipio
1678 3472 1949 3538 Nasica:
2019 3472 2182 3537 hanc
2236 3468 2611 3536 exteriorem

509 3566 786 3652 exempli
846 3568 1113 3637 formam
1170 3570 1510 3639 Cornificio
1577 3574 1656 3639 do
1720 3582 1913 3659 atque
1975 3574 2276 3655 attribu03
2356 3572 2608 3651 crimen,

508 3687 635 3750 quo
681 3678 1042 3759 accusatur,
1088 3674 1249 3740 fonti
1296 3674 1431 3744 eius
1476 3669 1794 3743 adiudicO.
1887 3676 2216 3756 Quodcum
2261 3676 2328 3740 in
2371 3674 2612 3739 fontem

510 3772 829 3837 Cornificii
884 3776 1309 3860 inquiramus,
1382 3768 1656 3865 primu'm
1720 3791 1919 3847 totum
1975 3802 2116 3847 eum
2170 3786 2360 3861 atque
2417 3778 2609 3843 etiam

570 4026 606 4079 h
682 3940 726 4009 ⁸)
764 3942 942 4084 Krityik
994 3945 1086 3999 der
1138 3947 1362 4010 Quellcn
1415 3968 1511 4004 zur
1561 3950 1878 4005 Geschichte
1933 3952 2026 4005 der
2069 3951 2454 4007 Gracchischen
2501 3950 2612 4004 Un-

506 4043 571 4079 ru
608 4041 673 4079 en
708 4044 830 4097 pag.
904 4068 916 4081 .

679 4112 723 4183 ²)
761 4114 886 4171 hist.
923 4116 1019 4169 lat.
1054 4118 1146 4171 rel.
1185 4118 1361 4174 CCLI.
1433 4119 1476 4189 ⁸)
1509 4138 1561 4189 p.
1601 4122 1682 4177 28.
1753 4122 1800 4190 ⁴)
1835 4122 1873 4179 1.
1911 4139 1953 4180 c.
1989 4140 2041 4191 p.
2081 4126 2160 4179 13.

679 4199 723 4268 ⁶)
762 4200 827 4254 cf.
862 4201 1199 4258 Nitzschium
1232 4205 1269 4258 l.
1307 4222 1349 4261 c.
1387 4223 1437 4274 p.
1474 4209 1600 4269 4473
1641 4204 1993 4262 Schmidtium
2028 4210 2064 4266 1.
2102 4228 2144 4267 c.
2181 4225 2302 4280 pag.
2342 4210 2424 4263 15.
