3117 4925
1548 387 1625 452 15

1379 476 1749 484 ——-—...-..—-..-—.-
1765 477 1788 482 ..-

532 617 613 682 ob
649 601 855 699 legem
882 612 1302 695 iudiciariam,
1338 629 1531 694 quam
1554 608 1776 675 consul
1796 627 1963 672 anno
1993 590 2080 694 3⁶35}
2099 606 2632 690 promulgaverat,

532 720 717 802 quasi
758 723 1005 802 pestem
1047 714 1340 779 habitum
1383 733 1511 778 non
1546 710 1736 778 modo
1773 710 2010 774 honore
2047 708 2174 798 sed*
2197 708 2389 773 etiam·
2427 707 2632 791 digni-

465 859 471 865 ·
532 827 668 886 tate
712 820 987 899 exuisse,
1034 816 1149 882 sed
1191 816 1322 880 iam
1366 821 1561 899 caput
1604 814 1742 879 eius
1785 817 2194 894 temptavere.

705 920 773 986 C.
832 919 1001 985 enim
1058 917 1396 984 Norbanus
1452 917 1721 998 BulbuS,
1785 915 2068 981 eiusdem
2129 915 2283 977 anni
2341 914 2635 978 tribunus

533 1023 763 1109 plebis,
843 1022 1158 1087 famosam
1219 1021 1400 1085 illam
1464 1019 1544 1084 de
1608 1034 1762 1083 auro
1805 1016 2132 1082 Tolosano
2194 1017 2632 1098 quaestionem

530 1124 1105 1191 extraordinariam
1147 1123 1415 1205 rogavit.
1438 1122 1487 1204 ¹)
1577 1122 1742 1185 Tum
1785 1140 1934 1184 vero
1980 1118 2282 1184 nobilitas
2295 1170 2312 1202 ‚
2377 1139 2519 1184 cum
2565 1119 2633 1182 in

529 1235 729 1294 semet
770 1229 979 1311 ipsam
1024 1226 1185 1289 haee
1228 1224 1446 1288 omnia
1490 1223 1825 1288 subornari
1867 1222 2130 1303 videret,
2181 1223 2488 1286 acerrime
2535 1243 2631 1286 re-

528 1331 752 1395 sistere
788 1328 1105 1411 rogationi
1142 1332 1375 1391 conata
1410 1331 1523 1390 est.
1597 1325 1667 1389 L.
1692 1325 1994 1388 Aurelius
2023 1323 2229 1406 Cotta,
2267 1325 2341 1388 Τ.
2376 1323 2627 1406 Didius,

529 1432 817 1514 collegae
862 1430 1177 1511 Norbani,
1242 1427 1752 1507 intercedebant3
1835 1415 1983 1510 ipse⁴
2028 1426 2326 1510 princeps
2371 1435 2634 1494 senatus

527 1535 610 1599 Μ.
657 1520 989 1598 Aemilius
1013 1531 1291 1596 Scaurus
1346 1529 1904 1595 vehementissime
1965 1530 2364 1612 rogationem
2424 1532 2628 1614 impu-

526 1637 790 1718 gnabat:
830 1633 1066 1700 tribuni
1084 1653 1167 1698 ex
1184 1633 1421 1716 templo
1440 1633 1506 1695 vi
1524 1632 1712 1714 pulsi,
1734 1631 1948 1714 lapide
1967 1651 2307 1714 percussus
2327 1635 2622 1716 princeps

528 1744 805 1819 senatuS,
849 1735 1102 1818 rogatio
1144 1735 1411 1819 perlata.
1432 1734 1483 1812 ²)
1572 1735 1718 1814 Ipse
1763 1733 1837 1808 Q.
1885 1733 2126 1816 Caepio
2184 1735 2266 1798 ab
2311 1736 2633 1816 equitibus

528 1838 989 1904 condemnatus
1028 1855 1174 1898 cum
1210 1833 1295 1897 ad
1330 1833 1713 1916 supplicium
1743 1833 1808 1896 in
1837 1853 2152 1898 carcerem
2187 1835 2414 1901 ductus
2443 1844 2628 1919 esset,

530 1960 571 2002 a
623 1939 693 2001 L.
750 1937 1042 2020 Rhegino
1104 1935 1357 2000 tribuno
1420 1934 1726 1999 liberatus
1745 1934 1792 2016 ³)
1849 1935 2188 2019 Smyrnam
2249 1938 2316 2001 in
2370 1939 2632 2004 exilium

530 2039 1006 2124 transmigravit
1058 2039 1273 2122 ibique
1328 2039 1485 2104 civis
1542 2039 1752 2104 factus
1798 2047 1912 2104 est.
1933 2041 1985 2122 4)
2076 2041 2369 2106 Ceterum
2414 2043 2628 2108 deien-

528 2165 733 2210 sorem
784 2143 973 2207 huius
1027 2142 1095 2206 in
1149 2142 1270 2206 hac
1324 2161 1523 2206 causa
1579 2140 1652 2218 Q.
1703 2143 2045 2224 Caepionis
2098 2144 2297 2209 fuisse
2343 2145 2411 2208 L.
2463 2146 2629 2210 Lici-

525 2248 703 2312 nium
746 2247 1050 2312 Crassum
1094 2246 1378 2330 Langius
1398 2245 1453 2326 ⁵)
1500 2246 1862 2330 suspicatur
1905 2267 1986 2310 ex
2029 2267 2154 2310 uno
2201 2247 2341 2310 loco
2380 2247 2628 2313 Cicero-

527 2350 718 2413 niano
764 2349 847 2412 ab
892 2350 1035 2431 ipso
1080 2347 1166 2410 ad
1208 2349 1588 2412 sententiam
1633 2367 1813 2412 suam
1852 2349 2348 2414 accommodato.
2372 2351 2420 2431 ⁶)
2490 2352 2630 2434 Ego

528 2471 914 2533 quamquam
970 2470 1097 2515 non
1149 2470 1315 2532 nego
1360 2450 1496 2514 veri
1548 2451 1756 2514 simile
1811 2472 1950 2515 esse
2005 2473 2175 2532 eum,
2242 2453 2352 2534 qui
2411 2455 2631 2535 paullo

527 2561 674 2617 ante
709 2554 917 2633 legem
948 2551 1291 2633 Caepionis
1320 2552 1644 2631 suasisset,
1675 2552 1880 2616 eidem
1909 2554 2297 2636 periclitanti
2325 2556 2630 2638 adfuisse,

527 2660 740 2717 tamen
778 2660 841 2717 et
877 2652 1064 2716 huius
1100 2654 1458 2716 sententiae
1494 2672 1717 2717 vereor
1755 2655 2092 2738 astipulari
2129 2664 2191 2719 ct
2225 2656 2624 2741 Mommseni,

531 2775 659 2820 non
732 2752 1092 2819 defendisse
1161 2753 1340 2818 illum
1402 2754 1661 2835 quidem
1731 2757 1794 2821 in
1853 2760 2185 2822 consulatu
2245 2760 2630 2843 Caepionem

532 2858 951 2939 (quamquam
994 2855 1062 2919 id
1116 2856 1325 2939 ipsum
1370 2863 1590 2940 aperte
1645 2857 1802 2922 dicit
1847 2860 2096 2943 Cicero)
2143 2862 2258 2926 sed
2308 2863 2373 2927 in
2431 2884 2628 2931 causa

526 2959 831 3041 Norbani,
874 2978 1015 3022 cum
1056 2958 1339 3041 Sulpicio
1378 2959 1652 3039 adesset,
1690 2959 1998 3025 laudandi
2037 2963 2376 3047 Caepionis
2411 2974 2628 3049 partes

528 3060 887 3143 suscepisse
948 3059 1310 3125 iudicantis.
1336 3061 1385 3143 ⁷)
1475 3062 1711 3126 Verum
1764 3079 1908 3127 cum
1965 3066 2162 3129 verba
2207 3068 2628 3137 Ciceroniana

525 3182 731 3244 neque
794 3162 1131 3228 immutare
1190 3184 1395 3245 neque
1467 3164 1807 3231 artificiose
1868 3168 2271 3251 interpretari
2334 3170 2628 3257 audeam,

528 3265 648 3329 hoc
712 3264 933 3329 malim
996 3272 1250 3349 putare,
1316 3266 1615 3332 Crassum
1679 3288 1794 3351 pro
1850 3268 1923 3345 Q.
1982 3268 2302 3353 Caepione
2365 3294 2625 3339 causam

530 3366 772 3431 dixisse
836 3386 939 3449 eo,
1015 3386 1202 3449 quem
1256 3368 1539 3451 Langius
1601 3376 1664 3433 et
1717 3370 2165 3436 Mommsenus·
2205 3391 2332 3437 non
2393 3376 2630 3441 iniuria

533 3467 734 3531 filium
770 3466 968 3533 fuisse
1003 3468 1189 3535 huius
1211 3470 1573 3554 Caepionis,
1612 3471 1984 3537 Cornificius
2021 3483 2419 3553 quaestorem
2456 3498 2624 3543 anno

524 3554 613 3660 {33}
656 3570 729 3654 (I,
772 3571 870 3652 12,
912 3572 1019 3655 21)
1064 3571 1301 3637 dicunt.
1394 3572 1519 3650 Qui
1563 3574 1656 3638 ita
1699 3581 1998 3656 quaestor
2042 3595 2181 3640 sese
2217 3578 2622 3659 praestiterat

526 3679 785 3737 senatus
820 3678 1157 3756 patronum
1194 3682 1259 3741 et
1292 3676 1646 3742 nobilitatis
1674 3676 1970 3759 amicum,
2011 3685 2079 3743 ut
2107 3678 2368 3744 crimine
2407 3682 2624 3747 nescio

696 3929 740 3995 ¹)
779 3927 928 3982 Oros
968 3928 1033 3991 V,
1074 3930 1160 3992 153
1197 3929 1304 3983 Cic.
1342 3930 1407 3981 de
1442 3932 1551 3983 nat.
1593 3930 1656 3983 de
1693 3946 1766 3984 or.
1805 3930 1898 3994 111,
1933 3932 2016 3995 30,
2056 3934 2136 3986 74.

700 4011 745 4081 2)
784 4013 892 4067 Cic.
932 4014 996 4067 de
1032 4030 1104 4066 or.
1140 4014 1206 4078 ΙΙ,
1243 4017 1324 4076 47,
1366 4013 1477 4068 197.
1550 4014 1596 4083 ⁸)
1633 4016 1754 4071 Vel.
1791 4017 1925 4070 Max.
1964 4016 2052 4080 IV,
2091 4020 2136 4081 7,
2173 4020 2221 4072 3.

696 4099 742 4164 ⁴)
782 4098 890 4151 Cic.
928 4116 1021 4168 pro
1056 4098 1213 4164 Ball),
1254 4101 1332 4162 11,
1370 4100 1451 4153 28.
1525 4100 1572 4168 ⁶)
1608 4098 1701 4165 111,
1739 4100 1820 4155 69.
1894 4101 1938 4171 ⁶)
1977 4102 2126 4157 Brut.
2163 4107 2245 4168 44,
2288 4106 2397 4159 162.

699 4183 742 4253 7)
777 4184 927 4238 Rom.
950 4182 1137 4239 Gcsch.
1166 4185 1217 4239 Π
1246 4203 1299 4254 p.
1320 4184 1442 4247 182;
1480 4184 1545 4239 cf.
1567 4183 1626 4238 Ο.
1645 4185 1830 4239 Jahnii
1859 4186 2118 4243 animadv.
2149 4190 2204 4241 in
2225 4190 2370 4245 Brut.
2393 4193 2473 4253 44,
2509 4192 2623 4246 162.
