3117 4925
1510 381 1594 444 26

503 584 671 649 enim
716 591 935 649 notum
978 591 1103 666 cst,
1176 582 1251 662 Q.
1297 583 1758 668 Pompaedium
1811 583 2123 665 Siloncm,
2193 582 2613 648 fortissimum

503 685 1189 772 prudentissimumque
1240 687 1553 752 sociorum
1601 687 1857 768 ducem,
1921 705 2048 750 non
2093 685 2280 751 modo
2325 685 2617 750 consiliis

502 788 791 854 Livianis
842 789 1233 872 interfuisse,
1300 789 1654 874 sedetiam
1705 789 1883 854 domi
1935 789 2072 854 eius
2126 788 2443 872 hospitem
2494 807 2617 871 per

501 892 717 976 plures
752 891 890 956 dics
924 911 1067 956 esse
1111 898 1589 956 commoratum.
1617 891 1666 972 ¹)
1755 890 2158 973 Quamquam
2203 899 2354 956 tunc
2397 891 2610 975 ipsum

502 993 700 1058 Drusi
760 993 953 1058 amici
1012 993 1083 1056 P.
1144 991 1467 1076 Sulpicius
1520 994 1724 1058 Rufus
1785 1000 1852 1058 et
1903 994 1987 1058 M.
2033 994 2346 1058 Antonius
2407 992 2609 1074 legati

511 1115 655 1160 cum
692 1095 885 1160 sociis
921 1095 1091 1160 bello
1136 1093 1541 1162 dimicavere.
1607 1097 1832 1176 Itaque
1867 1096 1950 1160 M.
1980 1095 2290 1160 Aemilius
2329 1093 2613 1158 Scaurus

500 1197 797 1282 princeps
842 1203 1128 1280 senatus,
1190 1198 1299 1279 qui
1344 1199 1566 1264 consul
1611 1217 1960 1280 censorque
2003 1197 2238 1278 tuerat,
2283 1196 2384 1260 vir
2425 1215 2614 1280 prae-

500 1300 699 1364 torius
736 1298 812 1376 Q.
850 1301 1194 1384 Pompeius
1228 1300 1451 1384 Rufus
1492 1301 1562 1365 O.
1601 1302 1896 1366 Aurelius
1931 1300 2122 1366 Cotta
2157 1299 2228 1362 L.
2250 1297 2606 1378 MemmiuS,

502 1400 775 1483 denique
819 1403 1253 1467 nobilissimus
1300 1403 1569 1485 quisque
1614 1403 1680 1466 in
1723 1403 1823 1468 ius
1865 1401 2080 1467 vocati
2123 1408 2289 1465 sunt.
2379 1401 2606 1481 Neque

500 1523 650 1568 vero
713 1510 811 1568 est
864 1523 979 1568 cur
1031 1506 1357 1588 Kayserus
1420 1504 1784 1588 exemplum
1837 1503 2176 1570 mediocris
2227 1501 2472 1584 figurae
2523 1521 2608 1566 ex

502 1605 791 1672 oratione
851 1605 926 1683 Q.
992 1605 1168 1670 Varii
1238 1608 1507 1690 petitum
1581 1627 1722 1672 esse
1801 1607 2175 1690 suspicetur.
2281 1606 2410 1670 Cur
2475 1623 2608 1668 non

504 1707 579 1786 Q.
624 1707 1045 1793 Caepionis?
1080 1727 1193 1772 eur
1234 1729 1361 1773 non
1404 1707 1519 1774 On.
1567 1709 1944 1793 Pomponii?
2007 1728 2119 1772 cur
2162 1707 2434 1788 denique
2478 1726 2611 1771 non

507 1811 801 1890 aliorum,
850 1811 959 1892 qui
996 1811 1257 1876 sociatis
1302 1830 1447 1876 cum
1485 1810 1680 1876 Vario
1717 1810 2002 1876 consiliis
2035 1831 2114 1875 eo
2159 1831 2328 1875 anno
2371 1809 2614 1874 cotidie

502 1913 569 1977 in
604 1913 742 1977 foro
776 1912 1202 1978 versabantur
1237 1920 1430 1995 atque
1466 1913 1682 1994 etiam,
1719 1921 1790 1977 ut
1815 1913 1908 1978 ait
1937 1913 2178 1995 cicero,
2203 1913 2254 1994 2)
2292 1912 2358 1976 in
2384 1909 2614 1976 rostris

500 2015 923 2080 habitabant?
1009 2014 1179 2079 Illud
1224 2024 1437 2080 autem
1480 2021 1750 2096 constat,
1806 2023 2116 2098 quotquot
2159 2015 2242 2080 ab
2285 2013 2614 2096 equitibus

504 2115 911 2182 condemnati
954 2123 1185 2199 essent,
1232 2117 1313 2182 iis
1358 2137 1531 2199 aqua
1575 2125 1639 2182 et
1682 2117 1820 2200 igni
1861 2117 2272 2182 interdictum
2305 2137 2448 2181 esse
2479 2116 2602 2197 vel,

501 2237 688 2300 quem
734 2217 820 2281 ad
872 2218 1129 2284 modum
1171 2219 1427 2298 ⁴iudices
1482 2219 1657 2303 apud
1703 2219 2110 2285 Cornificium
2163 2225 2520 2301 monentur,
2567 2238 2610 2282 e

500 2317 761 2386 civitate
805 2320 1061 2404 eiectos,
1106 2322 1283 2387 velut
1327 2323 1398 2386 L.
1445 2323 1840 2404 Memmium
1861 2322 1916 2406 ³)
1980 2343 2126 2388 cum
2169 2322 2456 2406 plerique
2499 2319 2608 2385 die-

494 2423 671 2489 dicta
732 2443 851 2489 sua
904 2429 1129 2507 sponte
1178 2423 1249 2489 in
1302 2412 1566 2490 exilium
1621 2425 1887 2492 abirent.
1977 2425 2122 2509 Ipse
2177 2445 2330 2490 vero
2383 2423 2604 2489 Corni-

488 2526 671 2592 ficius
742 2527 868 2592 etsi
937 2528 1297 2613 principum
1367 2529 1724 2594 nobilitatis
1791 2528 2084 2611 pericula
2155 2527 2609 2591 damnationes

490 2630 685 2695 exilia
739 2629 913 2694 haud
964 2630 1219 2695 videtur
1270 2650 1463 2713 aegre
1517 2630 1767 2712 tulisse,
1831 2630 2135 2712 quoniam
2189 2636 2480 2695 versatur
2531 2630 2600 2693 in

490 2733 571 2797 iis
616 2732 1019 2813 cavillandis‚
1067 2739 1282 2797 tamen
1328 2731 1403 2809 Q.
1453 2732 1632 2797 Varii
1675 2754 1950 2817 poenam
1997 2754 2168 2798 anno
2209 2738 2356 2816 post
2397 2733 2611 2816 ipsius-

491 2835 633 2917 lege
679 2834 966 2899 accusati
1010 2834 1543 2917 condemnatique
1585 2856 1669 2900 ne
1711 2836 1905 2901 verbo
1942 2836 2200 2918 quidem
2237 2834 2599 2918 deploravit

490 2945 683 3019 atque
728 2936 889 3001 adeo
934 2943 1047 3000 aut
1089 2937 1279 3001 fallor
1320 2946 1435 3001 aut
1476 2958 1642 3021 eum,
1701 2958 1888 3020 quem
1937 2944 2197 3023 propter
2239 2944 2608 3021 suspectam.

492 3038 817 3103 civitatem
872 3038 1211 3103 multitud-o
1266 3040 1670 3123 optimatium
1715 3040 2070 3124 Hybridam
2083 3090 2100 3123 ‚
2155 3040 2240 3104 M.
2288 3040 2608 3106 Aemilius·

494 3140 773 3206 Scaurus
836 3140 973 3207 sive
1035 3141 1393 3224 Hispanum
1456 3142 1594 3207 sive
1649 3142 2111 3207 Sucronensem
2173 3142 2604 3207 contumeliae

493 3260 691 3307 causa
745 3244 917 3308 soliti
970 3250 1185 3309 essent
1237 3244 1595 3326 nominare,
1661 3243 1826 3309 dixit
1877 3244 2154 3309 veniisse
2205 3252 2356 3309 ante
2399 3264 2596 3327 quam

489 3344 758 3408 Rom-am
802 3346 1083 3411 venisset
1128 3346 1261 3428 (IV,
1300 3347 1402 3428 21,
1440 3346 1570 3428 29).

661 3447 761 3511 Ex
820 3447 963 3532 ipso
1026 3463 1279 3530 quoque
1344 3448 1513 3513 bello
1567 3448 1857 3533 singulas
1913 3468 2014 3514 res
2067 3450 2340 3534 scriptor
2391 3450 2595 3533 petiit..

490 3551 587 3615 Ae
622 3550 894 3634 primum
930 3539 1185 3633 quidem
1224 3550 1396 3631 quod
1430 3551 1636 3616 multo
1672 3551 1978 3617 maiorem
2005 3551 2324 3617 sociorum
2349 3556 2596 3634 partem

492 3652 562 3716 in
608 3652 819 3717 officio
864 3652 1181 3719 mansisse
1224 3651 1379 3717 dicit
1424 3653 1553 3735 (IV,
1593 3654 1652 3737 9,
1697 3653 1826 3738 13),
1889 3660 2203 3735 quatenus
2246 3672 2466 3717 verum
2509 3652 2602 3716 sit.

492 3753 773 3837 quidque
816 3754 966 3820 inde
1004 3762 1323 3837 sequatur,
1368 3754 1722 3821 videamus.
1794 3759 1978 3821 Anno
2015 3737 2104 3845 {⁴3}
2131 3754 2410 3821 nondum
2453 3774 2593 3839 per-

490 3862 637 3922 acto
672 3856 927 3922 nuntius
962 3863 1223 3941 repente
1256 3859 1527 3923 Romam
1563 3860 1798 3925 allatus
1843 3866 1944 3924 est
1977 3859 2272 3925 Picentes
2301 3858 2602 3924 Vestinos-

666 4092 708 4158 ¹)
746 4091 891 4146 Plut.
928 4092 1043 4149 Cat.
1081 4096 1207 4150 min.
1246 4096 1293 4159 2,
1334 4097 1377 4149 1.

664 4176 709 4247 ³)
747 4177 896 4233 Brut.
933 4180 1017 4243 89,
1052 4181 1170 4236 305.
1241 4178 1286 4250 ⁸)
1324 4182 1459 4249 App.
1496 4183 1550 4235 b.
1589 4197 1634 4237 c.
1673 4180 1712 4245 1,
1749 4184 1830 4237 37.
