3117 4925
1550 379 1634 444 39

540 586 715 650 velut
774 584 1077 650 Nasicam
1142 591 1431 650 contorta
1502 591 1655 667 toga
1730 580 2093 663 incessisse,
2176 578 2644 645 multitudinem

539 686 855 771 dignitate
898 686 1019 752 viri
1056 688 1454 772 perterritam
1490 688 1712 770 fugere
1749 684 2056 772 coepisse,
2105 681 2462 748 Gracchum
2495 682 2643 748 sub-

538 788 706 854 sellii
752 788 919 874 pede
963 809 1334 874 percussum
1379 809 1538 856 esse.

714 890 903 956 Solus
948 890 1270 957 Diodorus
1310 891 1376 956 in
1423 890 1737 974 reliquiis,
1802 909 1968 972 quae
2009 886 2353 953 admodum
2399 903 2646 970 paucae

542 991 621 1057 de
662 991 788 1056 hac
830 1013 898 1059 re
944 1000 1190 1076 extant,
1253 993 1686 1080 compluribus
1739 991 2016 1056 numeris
2071 1009 2279 1072 neque
2321 988 2404 1054 iis
2449 987 2643 1052 levio-

543 1093 711 1159 ribus
756 1101 825 1159 ut
878 1094 1212 1161 dissentire
1265 1095 1348 1160 ab
1402 1095 1576 1176 aliis,
1641 1094 1735 1159 ita
1789 1091 2142 1161 consentire
2197 1090 2448 1156 videtur
2502 1109 2645 1156 cum
2711 1143 2716 1148 .

542 1195 900 1261 Cornificio.
988 1197 1071 1262 Et
1113 1198 1518 1264 vehementer
1561 1196 1906 1266 dolendum
1947 1200 2074 1276 est,
2138 1192 2307 1278 quod
2351 1193 2418 1258 in
2461 1199 2646 1258 tanta

542 1297 1037 1381 fragmentorum
1107 1300 1429 1385 paucitate
1491 1307 1554 1364 et
1617 1298 1954 1382 brevitate,
2039 1305 2350 1380 quatenus
2429 1301 2646 1380 pateat

545 1419 905 1483 consensus,
952 1421 1207 1486 prorsus
1252 1422 1380 1466 non
1424 1409 1633 1488 potest
1676 1401 1831 1469 erui.
1913 1402 1980 1466 Is
2025 1421 2154 1466 non
2196 1397 2386 1464 modo
2430 1398 2644 1484 ipsum

541 1501 845 1567 Nasicam
892 1523 1011 1568 sua
1047 1523 1239 1568 manu
1274 1505 1663 1589 percussisse
1701 1504 1799 1568 Ti.
1839 1503 2200 1568 Gracchum
2237 1500 2471 1588 tradit,
2499 1519 2641 1565 cum

541 1604 919 1670 Plutarchus
980 1625 1385 1690 percussores
1446 1608 1583 1672 eius
1644 1607 1716 1672 P.
1776 1607 2140 1672 Satureium
2203 1604 2518 1686 collegam
2579 1607 2646 1666 et

540 1707 613 1773 L.
660 1707 893 1772 Rufum
946 1709 1322 1774 nominatim
1375 1710 1682 1793 proferat,
1710 1711 1757 1792 ¹)
1813 1709 1928 1774 sed
1971 1709 2167 1774 etiam
2208 1709 2516 1792 impetum
2559 1705 2644 1769 ab

541 1829 617 1873 eo
660 1809 728 1873 in
765 1810 1126 1876 Gracchum
1169 1810 1411 1875 factum
1456 1821 1520 1876 et
1564 1811 1761 1876 animi
1803 1811 2080 1876 furorem
2125 1808 2641 1876 concitationem-

542 1931 664 1994 que
725 1910 916 1996 plane
977 1911 1199 1977 eodem
1273 1912 1461 1977 modo
1536 1911 1840 1978 describit
1901 1919 2094 1996 atque
2155 1909 2473 1996 depingit,
2551 1907 2653 1974 his

538 2012 783 2079 verbis:

789 2117 837 2200 2)
866 2104 1081 2194 Ουτος
1102 2113 1228 2200 μὲν
1254 2109 1367 2182 οὖν
1394 2111 1880 2200 ἀμετάπτωτον
1900 2113 2065 2198 ἔχων
2084 2113 2204 2202 τὴν
2223 2111 2342 2180 ἐπὶ
2362 2110 2474 2177 τὸν
2495 2104 2649 2176 ὁλε-

710 2222 907 2342 θρονε
926 2207 1137 2309 ὁρμνν
1177 2217 1337 2301 ταχὺ
1374 2222 1496 2306 τῆς
1532 2216 1996 2307 προςηκούσης
2025 2211 2362 2294 κολάσεως
2409 2212 2650 2296 ἔτυχεν.

714 2318 829 2386 καὶ
871 2315 907 2384 ὁ
956 2317 1257 2387 Σκιπίων
1310 2317 1505 2402 ξύλον
1558 2318 1632 2386 ἐκ
1689 2323 1821 2386 τῶν
1863 2319 2370 2405 παρακειμένων
2388 2367 2564 2386 .....
2611 2340 2650 2380 ο

711 2422 834 2511 γὰρ
896 2423 1117 2507 θυμὸς
1180 2421 1433 2501 παντὸς
1495 2425 1618 2488 τοῦ
1676 2424 2034 2500 δοκοῦντος
2088 2413 2260 2489 εἶναι
2317 2415 2647 2489 δυσκόλου

717 2525 1130 2613 περιεγένετο
1152 2576 1333 2594 .....

799 2629 853 2715 ³)
890 2626 963 2695 Ὁ
1004 2624 1243 2695 τούτου
1291 2626 1365 2695 δὲ
1410 2630 1718 2715 (Nasicae
1763 2630 2045 2711 Corculi)
2090 2624 2233 2707 υἱὸς
2275 2621 2654 2714 πρεσβύτης

718 2720 799 2816 ἦν
831 2731 942 2819 τὴν
980 2722 1245 2817 ἡλικίαν
1294 2731 1409 2799 καὶ
1450 2730 1767 2819 Τιβέριον
1803 2726 2101 2816 Γράκχον
2133 2732 2469 2818 τυραννεῖν
2501 2724 2654 2795 ὄπι-

711 2830 1107 2922 χειρὴσαντα
1160 2839 1313 2913 ταῖς
1366 2830 1580 2913 ἰδίαις
1629 2832 1851 2919 χερσὶν
1893 2826 2265 2913 ἀπέκτεινε,
2311 2828 2654 2919 προηγού-

600 2977 609 2987 -
717 2959 915 3017 μενος
957 2936 1075 3025 τῆς
1118 2930 1505 3023 συγκλήτου.

721 3038 931 3103 Unum
966 3040 1131 3105 inter
1167 3060 1277 3106 eos
1310 3041 1646 3107 intercedit
1681 3042 2025 3109 discrimen
2054 3040 2198 3124 hoc,
2233 3038 2406 3125 quod
2432 3040 2655 3105 Corni-

548 3138 729 3206 ficius
749 3138 1187 3209 admirationis
1207 3143 1642 3210 Gracchorum
1659 3144 2068 3229 plenissimus
2089 3142 2448 3209 Gracchum
2468 3142 2656 3227 quasi

547 3242 819 3309 hostiam
854 3243 940 3310 ad
973 3266 1153 3311 aram
1190 3252 1463 3311 stantem
1501 3254 1848 3313 mactatum
1887 3247 2308 3329 conqueritur,
2355 3246 2655 3313 virtutem

550 3344 764 3409 animo
826 3344 1085 3410 insitam
1139 3348 1491 3433 collaudat,
1555 3348 1878 3437 Scipionis
1931 3348 2258 3435 ignaviam
2315 3348 2654 3416 crudelita-

548 3454 805 3531 temque
868 3446 1188 3515 tribunum
1242 3449 1397 3517 deos
1451 3459 1818 3535 precantem
1871 3452 2284 3538 opprimentis
2349 3451 2656 3517 conviciis

550 3557 979 3633 consectatur3
1025 3550 1348 3619 Diodorus
1383 3553 1729 3620 Aemiliani
1765 3554 2026 3638 eiusque
2070 3554 2387 3621 sociorum
2430 3552 2657 3619 similis

555 3673 685 3717 non
729 3651 1184 3719 contumeliose
1227 3654 1338 3722 ille
1384 3654 1642 3739 quidem
1688 3656 1769 3723 de
1805 3657 2096 3723 Graccho
2139 3656 2314 3741 dicit,
2359 3655 2475 3723 scd
2509 3674 2657 3721 eum

552 3755 913 3819 necessario
967 3758 1242 3839 quodam
1296 3759 1363 3825 in
1420 3759 1766 3844 perniciem
1810 3766 2199 3845 protractum
2240 3759 2480 3845 impetu
2525 3779 2654 3825 me-

553 3855 711 3921 ritas
754 3856 1023 3924 solvisse
1065 3880 1327 3946 poenas.

727 4012 773 4082 ¹)
811 4012 891 4068 Ti.
928 4012 1017 4067 Gr.
1054 4027 1170 4081 cap.
1212 4012 1292 4069 19.

726 4097 772 4168 ¹)
806 4098 963 4156 Diod.
996 4098 1317 4171 XXXIVJV,
1352 4101 1419 4155 28
1454 4103 1550 4171 (M.
1588 4118 1642 4171 p.
1683 4104 1824 4171 104).

728 4184 774 4253 ⁸)
810 4185 963 4241 Diod.
1000 4185 1322 4255 XXXIVJV,
1358 4188 1427 4242 60
1458 4204 1511 4257 p.
1547 4189 1650 4243 154
1685 4188 1776 4255 (V,
1813 4206 1862 4257 p.
1900 4188 2039 4257 381).
