3117 4925
1507 380 1593 449 22

499 590 936 673 interrogavit,
981 596 1280 674 possetne
1325 590 1645 655 aerarium
1680 592 2083 676 largitionem
2118 593 2272 677 pati.
2298 592 2345 675 ι)
2414 593 2609 672 Quod

503 712 648 759 cum
689 698 991 777 negasset
1033 698 1349 775 quaestor,
1395 712 1512 759 suo
1552 694 1693 759 iure
1726 694 2010 761 decrevit
2042 703 2321 778 senatus,
2368 696 2425 761 si
2458 714 2607 761 enm

500 796 707 880 legem
777 795 862 861 ad
933 794 1238 879 populum
1307 795 1500 861 ferret
1509 828 1548 879 ,⁴
1602 796 2015 862 Saturninum
2088 797 2397 863 adversus
2468 818 2605 864 rem

497 898 820 983 publicam
873 896 1080 963 videri
1131 918 1210 963 ea
1260 898 1491 963 facere.
1583 898 1821 963 Contra
1874 920 2018 965 cum
2076 901 2219 983 lege
2264 901 2603 967 Hortensia

498 1008 790 1067 sanctum
843 1007 1036 1083 esset,
1101 1007 1171 1065 ut
1221 1000 1701 1084 plebisscitorum
1752 1020 1937 1068 omne
1991 1022 2195 1085 genus
2238 1003 2605 1069 universum

497 1102 804 1188 populum
849 1108 1111 1185 teneret,
1159 1108 1418 1169 senatus
1465 1104 1607 1187 lege
1650 1104 1903 1186 perlata
1936 1111 2197 1171 coactus
2232 1112 2371 1169 erat
2406 1124 2607 1187 quae-

497 1207 672 1289 stori,
717 1212 788 1271 ut
831 1205 1186 1291 impensam
1222 1206 1532 1289 pecuniae
1570 1226 1649 1270 ex
1686 1207 1935 1271 aerario
1968 1206 2227 1290 faceret,
2275 1207 2598 1273 mandare.

495 1310 595 1374 Ex
647 1316 907 1375 senatus
961 1315 1176 1375 autem
1231 1308 1613 1373 auctoritate
1664 1310 2031 1393 rogationes
2070 1309 2237 1375 ferre
2280 1309 2413 1374 iam
2454 1316 2613 1394 post.

496 1412 594 1476 Ti.
617 1412 978 1477 Gracchum
1007 1412 1294 1477 homines
1331 1410 1619 1476 seditiosi
1656 1410 1994 1477 desierant.
2050 1411 2263 1489 Quare
2290 1412 2607 1495 tribunus,

497 1534 640 1579 cum
687 1520 909 1579 contra
952 1521 1211 1580 senatus
1255 1513 1614 1579 consultum
1658 1514 1864 1597 legem
1916 1515 2137 1597 ferret,
2201 1534 2428 1599 reapse
2470 1536 2601 1579 non

495 1617 778 1683 faciebat
821 1617 1129 1683 adversus
1173 1636 1306 1681 rem
1351 1617 1703 1701 publicam3
1750 1617 2048 1700 faciebat,
2096 1638 2239 1684 cnm
2276 1616 2601 1682 nonnullis

495 1720 632 1787 eius
669 1720 954 1805 collegis,
1002 1738 1126 1803 quo
1170 1718 1238 1784 in
1271 1738 1534 1785 numero
1571 1720 1655 1784 M.
1697 1720 2005 1786 Baebium
2038 1720 2239 1786 fuisse
2274 1718 2533 1785 tradunt
2548 1719 2607 1801 ²)

493 1824 776 1890 nondum
835 1824 994 1890 inito
1056 1822 1360 1907 suffragio
1421 1822 1963 1889 intercedentibus
2034 1828 2249 1889 tamen
2320 1822 2604 1888 sitellam

495 1928 786 1994 deferret.
843 1927 1068 2009 Neque
1103 1947 1254 1992 vero
1291 1926 1532 1991 idcirco
1570 1926 1743 2008 quod
1778 1933 2002 1991 contra
2036 1927 2242 2010 legem
2276 1932 2601 1991 sacratam

491 2038 749 2095 acturus
802 2036 968 2111 erat,
1034 2030 1392 2112 quaestoris
1443 2033 1583 2093 erat
1634 2028 1875 2111 impetu
1928 2028 2103 2093 facto
2165 2028 2598 2113 impeditoque

492 2132 794 2215 suffragio
854 2138 1238 2215 potestatem
1293 2130 1577 2195 minuere
1632 2130 2064 2212 tribuniciam,
2130 2150 2274 2195 cum
2337 2137 2606 2197 senatus

489 2233 702 2320 potius
745 2242 933 2317 esset,
979 2235 1188 2318 legem
1231 2235 1298 2299 vi
1340 2234 1655 2318 perlatam
1692 2232 2067 2299 rescindere.
2139 2233 2283 2311 Qua
2319 2254 2387 2299 re
2424 2254 2601 2299 com-

489 2344 696 2403 motus
757 2339 830 2402 L.
895 2338 1307 2419 Saturninus,
1387 2356 1532 2401 cum
1600 2337 1813 2420 ipsum
1880 2341 2125 2420 peteret
2186 2336 2599 2421 Caepionem,

489 2441 698 2524 legem
741 2439 921 2506 illam
965 2439 1046 2508 de
1089 2440 1446 2525 maiestate,
1493 2439 1577 2506 de
1620 2458 1751 2523 qua
1784 2458 1981 2524 supra
2016 2438 2105 2523 (p.
2144 2440 2257 2522 33)
2292 2440 2595 2522 diximuS,

486 2545 661 2627 tulit3
725 2565 855 2628 qua
905 2546 1123 2612 nescio
1175 2567 1262 2611 an
1305 2545 1374 2610 in
1419 2544 1558 2628 ipso
1606 2542 1939 2610 Saturnini
1982 2542 2307 2608 tribunatu
2352 2543 2605 2626 Caepio

487 2655 828 2714 accusatus
891 2649 992 2714 sit.
1103 2648 1283 2712 Hanc
1355 2646 1438 2712 ad
1503 2667 1766 2711 causam
1828 2645 2163 2712 referenda
2224 2653 2373 2712 sunt
2432 2646 2604 2710 haec-

481 2750 811 2818 Cornificii
853 2750 962 2832 (ΙΙ,
1007 2752 1104 2832 12,
1147 2749 1281 2831 17):

658 2872 1080 2946 „Maiestatem
1131 2874 1185 2934 is
1235 2873 1478 2942 minuit,
1543 2873 1649 2957 qui
1690 2893 1760 2934 ea
1806 2871 1977 2943 tollit,
2042 2893 2115 2934 ex
2168 2871 2379 2956 quibus
2421 2872 2602 2934 rebus

659 2975 909 3038 civitatis
951 2975 1284 3062 amplitudo
1327 2985 1585 3038 constat.-
1640 2997 1790 3061 quae
1834 2986 1971 3037 sunt
2011 2998 2099 3047 ea,
2144 2975 2217 3055 Q.
2266 2969 2595 3061 Caepio?⁸)

659 3078 970 3164 suffraqia,
1006 3082 1409 3164 magistratus,
1443 3101 1652 3166 nempe
1676 3081 1861 3163 ἱρέων
1888 3090 1950 3141 tu
1976 3089 2033 3142 et
2055 3079 2350 3165 populum
2376 3080 2591 3165 suffra-

656 3183 756 3266 9io
791 3193 846 3244 et
878 3185 1297 3268 maqisbratum
1332 3182 1574 3245 concilio
1598 3184 1875 3268 prizaeasti,
1931 3203 2108 3266 quom
2134 3184 2339 3267 pontis
2374 3184 2591 3244 dietw-

662 3285 871 3348 basti“.
906 3319 988 3328 ——
1024 3289 1164 3350 item
1207 3309 1279 3349 ex
1313 3289 1644 3350 contrario:
1688 3287 2095 3359 „maiestatem
2126 3287 2179 3348 is
2210 3287 2442 3358 minuit,
2488 3286 2607 3370 qui'

660 3388 1114 3476 amplitudinem
1155 3391 1406 3452 civitatis
1441 3390 1788 3452 detrimento
1821 3389 2041 3476 adficit.
2084 3411 2187 3472 eqo
2222 3409 2338 3450 non
2375 3386 2592 3473 adfeci,

657 3493 763 3556 sed
795 3492 1080 3578 prohibui
1123 3495 1502 3556 detrimento.-
1555 3495 1859 3556 aerarium
1904 3495 2061 3556 enim
2104 3493 2461 3564 conservavi,
2507 3491 2592 3552 lu·

659 3595 854 3658 bidini
895 3597 1188 3658 malorum
1238 3598 1451 3668 restiti,
1511 3599 1877 3659 maiestatem
1920 3615 2151 3658 omnem
2190 3596 2431 3658 interire
2472 3615 2592 3657 non

648 3718 868 3784 passus
911 3703 1102 3760 sum.“

657 3813 960 3881 Videmus
1019 3815 1257 3900 legem,
1323 3835 1466 3882 cum
1529 3793 1803 3901 primum
1865 3815 2147 3881 omnium
2212 3816 2598 3882 tribuniciae

485 3917 822 4002 potcstatis
865 3915 1140 3984 tuendae
1187 3938 1384 3985 causa
1437 3918 1573 3984 lata
1614 3917 1935 4002 videatur,
1998 3917 2192 3984 latius
2244 3925 2460 3984 tamen
2504 3917 2593 3982 ad

661 4103 704 4170 ι)
743 4104 809 4160 cf.
843 4104 1108 4172 Langium
1143 4105 1178 4160 1.
1217 4122 1259 4160 c.
1296 4105 1364 4170 11,
1397 4107 1516 4161 348.
1590 4105 1636 4174 ⁸)
1670 4106 1836 4161 Aurel
1868 4104 2008 4161 Vict.
2048 4107 2130 4160 73.

655 4187 704 4254 ⁸)
741 4189 805 4245 cf.
843 4188 1134 4258 Bergkium
1167 4191 1224 4244 in
1257 4190 1365 4244 ind.
1403 4191 1566 4246 schol.
1601 4192 1713 4248 hib.
1749 4191 1871 4246 Hal.
1911 4189 2118 4257 1858l9.
2154 4207 2209 4259 p.
2246 4187 2363 4244 Vn.
