3117 4925
1520 351 1607 416 45

516 554 784 637 gillatim
821 554 1173 643 descriptas
1212 576 1371 639 quas
1399 557 1670 641 scriptor
1704 556 2171 643 significaverit,
2210 554 2609 639 exploratum

515 656 836 726 habemus,
926 658 1107 727 Haec
1151 660 1322 725 enim
1368 666 1584 725 narrat
1628 659 1995 743 aenigmata
2041 658 2173 743 (IV,
2210 656 2312 741 54,
2354 657 2493 741 68):

679 760 1022 836 „Lemnum
1053 768 1420 850 praeteriens
1462 750 1638 853 cepit,
1696 766 1835 827 inde
1886 764 2073 827 Thasi
2104 764 2479 849 praesidium
2522 786 2611 826 re-

680 867 878 951 liquit,
931 878 1073 953 post
1113 867 1316 931 urbem
1356 866 1811 931 Lusi-maeldum
1856 868 2116 938 sustulit,
2175 868 2313 929 indo
2365 889 2534 928 susus
2554 865 2605 945 ¹)

677 972 742 1033 in
783 968 1250 1057 Hellespontum,
1297 973 1498 1037 statim
1529 974 1765 1059 potitur
1799 970 2076 1056 Abyclo“.

675 1088 1058 1175 Exemplum
1128 1089 1530 1157 librariorum
1592 1088 1931 1155 inscientia
1991 1087 2181 1155 valde
2242 1093 2611 1173 corruptum

507 1210 710 1275 neque
772 1191 968 1257 etiam
1028 1212 1226 1275 nunc,
1289 1192 1542 1277 opinor,
1608 1191 1901 1257 omnibus
1955 1190 2232 1256 numeris
2289 1195 2601 1255 sanatum.

508 1292 643 1371 Quo
700 1292 820 1359 iter
873 1294 1188 1359 exercitus
1243 1294 1394 1361 navi
1447 1314 1592 1359 oras
1636 1293 2085 1361 Macedonicas
2130 1291 2605 1373 Thracicasque

507 1394 588 1462 ad
630 1395 850 1461 Asiam
895 1416 1118 1461 versus
1152 1396 1446 1480 legentis
1493 1396 1935 1480 maximasque
1988 1416 2207 1462 earum
2262 1394 2449 1461 urbes
2493 1413 2600 1459 ex-

505 1500 846 1583 pugnantis
908 1500 1184 1567 describi
1242 1507 1528 1585 apparet.
1620 1500 1833 1579 Quare
1885 1501 1942 1566 si
1999 1500 2139 1583 quis
2194 1497 2606 1581 difficultates

506 1602 794 1684 quamvis
822 1622 1090 1685 magnas
1118 1604 1701 1687 praetervolaverit,
1741 1602 1823 1669 de
1849 1622 1924 1668 eo
1952 1602 2179 1667 itinere
2208 1600 2601 1685 cogitaverit,

504 1702 700 1785 quod,
764 1724 909 1772 cum
952 1703 1039 1769 ad
1081 1704 1319 1771 bellum
1363 1704 1831 1775 Antiochenam
1875 1704 2420 1789 proficiscerentur
2464 1700 2599 1767 Sei-

504 1806 726 1890 piones
770 1805 1001 1873 fecisse
1036 1806 1372 1877 traduntur
1405 1828 1446 1871 a
1480 1806 1770 1891 Polybio,
1795 1807 1845 1889 2)
1890 1805 2167 1891 Livio,'‚⁸)
2212 1801 2611 1893 Appiano,4)

507 1910 789 1975 Diodoro
811 1910 1110 1993 Siculo.⁵)
1156 1912 1324 1977 Nam
1359 1918 1422 1977 et
1456 1911 1567 1976 via
1602 1911 1827 1977 eadem
1864 1906 2128 1995 profecti
2166 1914 2315 1973 sunt
2348 1905 2599 1971 eadem-

503 2033 626 2095 que
651 2013 797 2079 loca
825 2012 1122 2096 ingressi:
1163 2014 1512 2081 certissime
1529 2012 2008 2098 Lysimachiam
2034 2018 2097 2077 et
2116 2010 2601 2095 Hellespontum

500 2121 578 2196 et,
613 2114 668 2180 si
698 2121 866 2182 reete
897 2116 1270 2183 coniecisset
1291 2118 1640 2201 Kayserus,
1670 2116 1941 2199 Sestum,
1979 2116 2251 2181 fortasse
2270 2111 2597 2197 Abydum:

499 2223 560 2281 et
605 2217 881 2303 primum
926 2218 1085 2283 illud
1127 2219 1404 2285 Romani
1449 2219 1767 2299 exercitus
1804 2218 1873 2285 in
1904 2218 2125 2299 Asiam
2159 2218 2281 2283 iter
2315 2216 2519 2281 solum
2558 2234 2599 2279 a

496 2339 704 2385 rerum
743 2321 1160 2405 scriptoribus
1202 2323 1562 2387 accuratius
1592 2322 1981 2406 descriptum
2008 2329 2122 2387 est.
2170 2318 2600 2384 Nihilominus

497 2422 550 2488 si
597 2422 968 2507 diligentius
1013 2424 1077 2490 in
1122 2445 1217 2507 ea,
1267 2444 1432 2507 quae
1475 2424 1764 2490 historici
1801 2442 2019 2490 omnes
2055 2442 2181 2488 uno
2218 2441 2325 2487 ore
2362 2440 2599 2486 memo-

497 2525 629 2590 riae
670 2526 1037 2610 prodidere,
1092 2526 1641 2609 inquisiverimUS‚
1696 2526 1889 2592 facile
1934 2523 2270 2610 apparebit
2312 2523 2433 2588 hoc
2476 2523 2598 2586 iter

495 2649 535 2692 a
580 2628 918 2694 Cornificio
980 2629 1242 2694 sicunde
1297 2629 1701 2714 desumptum
1754 2633 1949 2711 esset,
2011 2626 2268 2692 omnino
2322 2645 2451 2689 non
2502 2623 2604 2689 ita-

495 2737 563 2794 ut
607 2729 993 2816 descriptum
1038 2738 1152 2815 est,
1200 2731 1476 2798 describi
1521 2732 1823 2818 potuisse.
1899 2730 2178 2812 Primum
2226 2727 2395 2794 enim
2444 2746 2593 2792 con-

495 2838 639 2914 stat,
687 2834 1044 2900 Romanum
1089 2833 1434 2900 exercitum
1480 2843 1649 2900 terra
1691 2855 1806 2918 per
1843 2831 2249 2898 Thessaliam
2294 2828 2591 2914 Macedo-

493 2933 664 2999 niam
709 2933 1052 3002 Thraciam
1067 2937 1116 3018 ⁶)
1174 2937 1527 3020 profectum
1580 2956 1721 3002 esse
1773 2935 1952 3000 nulla
2005 2935 2308 3019 stipatum
2366 2931 2599 3015 classe,

493 3037 547 3102 si
593 3035 851 3123 quidem
887 3037 1190 3104 Eumenis
1236 3037 1404 3122 regis
1449 3037 1723 3105 navibus
1768 3038 1835 3103 in
1868 3037 2090 3102 Asiam
2126 3036 2430 3104 traiectus
2477 3042 2596 3120 est,

493 3139 642 3206 dum
703 3142 996 3222 Romana
1057 3141 1496 3225 sociorumque
1557 3140 1782 3206 classis
1846 3139 1933 3206 ad
1998 3161 2174 3206 oram
2236 3139 2593 3207 Asiaticam

493 3243 808 3308 continuis
872 3245 1105 3328 pugnis
1159 3245 1591 3326 detinebatur;
1656 3242 1885 3310 deinde
1942 3250 2181 3309 certum
2237 3248 2335 3308 est
2386 3262 2599 3324 neque

491 3345 773 3413 Thasum
829 3353 940 3412 aut
983 3347 1290 3414 Lemnum
1337 3367 1378 3412 a
1423 3345 1831 3433 Scipionibus
1888 3351 2144 3430 captam
2196 3365 2338 3412 esse
2383 3364 2591 3427 neque

489 3447 964 3534 Lysimachiam
1009 3450 1326 3516 sublatam
1343 3501 1358 3532 ,
1405 3449 1519 3516 sed
1563 3469 1782 3536 pugna
1825 3448 1911 3514 ad
1954 3449 2371 3534 Myonnesum
2416 3446 2593 3513 iacta

489 3551 571 3617 ab
632 3572 780 3635 rege
842 3554 1007 3618 ultro
1069 3552 1356 3628 relictam
1419 3539 1858 3618 tantummodo
1924 3550 2155 3617 cursim
2212 3553 2587 3634 occupatam

661 3723 700 3788 ¹)
748 3722 812 3777 cf.
861 3721 1204 3790 Spengelium
1255 3721 1312 3774 in
1362 3723 1499 3778 Mus,
1543 3721 1710 3776 Rhen.
1746 3719 1874 3775 XVI
1924 3737 1975 3788 p.
2020 3720 2145 3782 3913
2200 3750 2266 3758 —
2304 3716 2591 3784 „Sestum“

487 3806 752 3874 Kayserus
767 3849 780 3872 ‚
835 3811 1087 3873 „versus“
1133 3807 1380 3860 Halmius
1433 3807 1490 3860 in
1532 3809 1669 3863 Mus,
1714 3808 1880 3861 Rhen.
1916 3806 2034 3872 XV,
2080 3807 2205 3870 536,
2277 3806 2593 3870 „reversus“

485 3892 738 3946 Iordanus
774 3894 831 3947 in
865 3881 1042 3947 Herm.
1079 3893 1180 3949 vol.
1217 3892 1348 3946 VIII
1384 3893 1731 3949 coniecerunt.

659 3977 701 4048 ²)
745 3978 932 4048 Polyb.
969 3979 1113 4042 XXI,
1153 3979 1236 4034 12.
1309 3977 1354 4046 ⁸)
1392 3979 1506 4034 Liv.
1542 3977 1812 4032 XXXVII,

658 4063 702 4134 ⁴)
742 4065 883 4134 App.
921 4063 1033 4132 Syr.
1072 4065 1134 4117 21
1175 4067 1273 4118 etc.
1346 4061 1392 4131 ⁵)
1425 4063 1581 4118 Diod.
1616 4063 1719 4119 Sic.
1755 4063 1951 4128 XXIX,
1991 4066 2039 4120 5.

655 4150 698 4218 ⁶)
741 4150 854 4204 Liv.
893 4149 1165 4215 XXXVII,
1201 4151 1247 4213 7,
1289 4149 1353 4202 16
1387 4151 1544 4211 cxtr.;
1580 4149 1663 4204 33.
