3117 4925
1489 429 1572 493 35
1610 518 1641 523 ῳ
1674 518 1681 523 .

475 640 832 721 thaginem,
900 634 1297 719 Corinthum,
1361 634 1775 699 Numantiam
1819 632 1935 716 IV,
1992 634 2099 715 27,
2158 633 2240 698 37
2302 631 2583 713 dicitque

473 741 752 806 nitorem
807 740 942 805 eius
985 738 1239 803 Italiam
1297 758 1498 825 nuper
1549 736 1904 803 illustrasse
1946 735 2054 819 IV,
2103 732 2203 819 15,
2251 736 2353 800 22.
2443 733 2583 811 Quo

479 844 725 908 factum
764 850 880 924 est,
928 848 998 907 ut
1030 842 1159 907 iam
1197 840 1444 925 pridem
1479 838 1862 925 Fregellani,
1911 840 2021 903 ubi
2058 838 2215 903 socii
2251 836 2331 903 de
2368 837 2585 919 aliqua
2666 906 2677 911 ,

478 966 552 1010 ,re
596 944 945 1028 habebant,
1011 943 1181 1026 quod
1222 944 1467 1009 Romae
1508 949 1945 1024 quererentur,
1992 961 2151 1007 onus
2196 940 2589 1026 susciperent

473 1055 892 1131 oratoresque
935 1048 1281 1129 mitterent,
1347 1046 1458 1129 qui
1504 1046 1700 1109 etiam
1744 1045 1811 1108 in
1856 1044 2240 1109 urbanorum
2288 1062 2589 1109 consessu

471 1151 644 1217 satis
680 1150 946 1215 multum
983 1149 1287 1215 valerent.
1311 1151 1359 1231 ¹)
1431 1148 1515 1213 Hi
1553 1153 1891 1232 postquam
1910 1148 1991 1211 M.
2014 1146 2279 1211 Fulvius
2296 1146 2589 1228 FlaecuS,

476 1253 600 1335 -qui
646 1274 687 1317 a
733 1252 1126 1318 Gracchanis
1171 1252 1410 1335 stabat,
1468 1272 1637 1317 anno
1672 1232 1758 1341 ἓξὲ-
1779 1250 2001 1315 consul
2036 1250 2243 1316 factus
2280 1250 2415 1315 lata
2450 1249 2592 1333 lege

487 1355 570 1420 de
617 1355 874 1420 civitate
919 1354 1110 1420 sociis
1156 1354 1390 1436 danda,
1437 1360 1673 1436 tamen,
1722 1374 1865 1418 cum
1909 1361 2369 1437 repugnantem
2406 1372 2586 1419 sena-

477 1464 650 1539 tum,
713 1456 1158 1523 adversantem
1204 1457 1528 1523 civitatem
1576 1456 1842 1537 videret,
1907 1476 2039 1522 rem
2084 1456 2449 1521 incohatam
2495 1473 2589 1519 re-

486 1560 699 1642 liquit:
739 1560 875 1625 sive
910 1544 1084 1645 pacti
1119 1560 1253 1625 sive
1289 1580 1402 1643 spe
1440 1559 1615 1625 ducti
1654 1566 1894 1625 ceteros
1924 1560 2150 1639 socios,
2190 1557 2365 1625 velut
2394 1558 2593 1623 Ascu-

491 1661 694 1743 lanos,
734 1683 948 1727 secum
983 1662 1264 1727 facturos
1300 1662 1699 1745 repentinum
1727 1662 2068 1726 tumultum
2098 1662 2591 1726 concitaverunt.

484 1763 624 1829 Sed
668 1785 813 1830 cum
848 1786 1032 1830 nemo
1069 1764 1312 1829 auxilio
1351 1764 1646 1847 venisset,
1691 1764 1843 1828 urbs
1881 1763 2097 1827 statim
2134 1784 2193 1827 a.
2233 1764 2303 1826 L.
2344 1760 2597 1846 Opimio

493 1875 804 1951 praetore,
852 1888 927 1933 eo
965 1868 1074 1949 qui
1108 1873 1328 1952 postea
1368 1867 1434 1932 O.
1477 1866 1839 1931 Gracchum
1874 1864 2205 1950 oppressit,
2246 1864 2601 1950 proditione

494 1968 572 2046 Q.
619 1970 682 2032 N
683 1969 962 2033 umitorii
1005 1970 1175 2034 Pulli
1228 1969 1295 2035 in
1350 1968 1739 2035 deditionem
1793 1975 2059 2053 accepta
2105 1966 2389 2033 disiectis
2432 1988 2600 2033 moe-

497 2072 683 2137 nibus
728 2072 820 2136 ita
863 2070 1148 2136 funditus
1194 2071 1404 2137 deleta
1449 2078 1573 2151 est,
1639 2079 1707 2136 ut
1760 2076 1900 2146 „vix
1930 2073 2474 2161 fundamentorum
2515 2095 2603 2136 re-

485 2177 715 2261 liquiae
749 2180 1159 2239 remanerent“
1179 2162 1442 2255 (Cornif.
1465 2166 1573 2255 IV,
1617 2176 1717 2256 15,
1756 2176 1884 2256 22).
1934 2174 2257 2259 Oppressa
2294 2174 2603 2239 seditione

492 2276 992 2359 diligentissime
1054 2278 1122 2342 in
1182 2276 1470 2343 homines
1524 2276 1869 2362 populares
1924 2297 2077 2342 num
2134 2276 2605 2361 conspirassent

505 2398 648 2441 cum
692 2380 1115 2464 FregellaniS,
1179 2380 1552 2462 inquisitum
1599 2388 1711 2447 est.
1801 2382 2045 2445 Tamen
2090 2399 2233 2444 cum
2277 2380 2488 2464 ipsum
2534 2379 2602 2445 G.

493 2482 888 2566 -Gracchum,
955 2484 1065 2566 qui
1117 2505 1192 2548 eo
1247 2490 1531 2566 tempore
1578 2485 1643 2548 in
1690 2482 1991 2549 Sardinia
2038 2488 2337 2564 quaestor
2380 2483 2605 2551 fuerat.

498 2583 726 2650 eodem
791 2586 1053 2651 crimine
1107 2586 1487 2652 accersitum
1540 2585 1844 2651 senatorii
1897 2583 2143 2650 iudices
2198 2585 2606 2666 absolverint,

503 2706 631 2750 non
677 2685 1098 2753 dubitandum
1141 2696 1256 2772 est,
1305 2691 1457 2772 quin
1503 2710 1621 2754 sua
1665 2695 1908 2774 sponte,
1965 2708 2091 2753 non
2139 2707 2252 2770 spe
2294 2686 2439 2752 freti
2482 2687 2606 2752 Ro-

505 2809 737 2853 manae
790 2789 1170 2874 proditionis
1214 2792 1579 2875 Fregellani
1636 2792 1721 2858 ad
1781 2791 2017 2858 bellum
2082 2789 2607 2856 consurrexerint.

503 2890 728 2972 Neque
765 2891 1090 2958 Cornificii
1133 2900 1414 2977 tempore
1461 2894 1799 2977 quisquam
1844 2894 1925 2960 de
1959 2893 2323 2960 innocentia
2359 2891 2610 2957 illorum

505 3011 756 3056 reorum
803 2991 1129 3059 dubitasse
1173 2993 1440 3060 videtur.
1533 2995 1719 3072 Quod
1762 2997 1829 3060 ni
1882 2997 1973 3060 ita
2030 3004 2222 3078 esset,
2287 3016 2414 3061 non
2468 3014 2612 3060 eum

496 3092 619 3174 qui
662 3093 730 3158 in
777 3093 986 3159 socios
1029 3095 1334 3162 Livianos
1381 3097 1725 3182 invehitur,
1789 3098 1949 3163 haec
2004 3099 2125 3164 sibi
2168 3098 2426 3164 fecisset
2473 3097 2605 3164 obi-

471 3195 780 3262 *cientem
825 3195 956 3279 (IV,
996 3199 1036 3262 9
1097 3199 1230 3283 13);

681 3337 894 3415 „Quid
905 3333 932 3397 ἲ
994 3337 1347 3424 Ρφερείἰαηὶ·
1376 3363 1494 3402 non
1539 3363 1649 3402 sua
1692 3351 1893 3426 sponte
1939 3343 2135 3404 conati
2176 3352 2313 3404 sunt
2356 3341 2459 3421 (sc.
2502 3343 2611 3403 im-

671 3442 913 3526 perium
959 3443 1044 3524 ad
1085 3464 1144 3505 se
1197 3441 1522 3528 transferre
1533 3439 1589 3522 ?)
1652 3467 1717 3508 eo
1770 3445 2010 3529 quidem
2051 3447 2152 3508 isti
2191 3447 2388 3506 minus
2426 3443 2615 3528 facile

679 3554 1051 3616 conarentur,
1097 3546 1274 3630 quod,
1329 3544 1420 3608 illi
1461 3547 1962 3632 quemad-modum
2007 3549 2413 3618 discessissent,
2458 3546 2614 3608 vide-

683 3648 855 3710 bant:
900 3672 1043 3712 nam
1084 3670 1286 3712 rerum
1328 3652 1594 3736 imperiti
1634 3672 1681 3714 e.
1717 3674 1774 3734 q.
1810 3654 1899 3712 s.“

683 3799 785 3864 Ibi
844 3801 1014 3866 enim
1086 3810 1534 3888 comparantur
1594 3803 1779 3887 socii,
1863 3803 1974 3885 qui
2035 3822 2202 3868 anno
2257 3783 2347 3892 6-ξὲ
2393 3808 2617 3866 contra

501 3901 833 3966 >Romanos
869 3901 936 3967 in
973 3905 1168 3968 armis
1205 3911 1404 3988 erant,
1445 3926 1589 3970 cum
1608 3904 2032 3988 Fregellanis:
2072 3905 2189 3970 hos
2225 3925 2353 3970 non
2388 3903 2619 3970 mirum

504 4023 654 4068 esse
717 4023 835 4068 sua
897 4010 1122 4087 sponte
1183 4013 1246 4070 et
1307 4005 1445 4072 sine
1509 4027 1623 4091 spe
1677 4006 2057 4072 clandestini
2108 4006 2329 4072 auxilii
2384 4006 2636 4072 bellum·

691 4244 732 4312 ²)
767 4242 875 4299 Cic.
911 4243 1060 4300 Brut.
1099 4246 1184 4311 46,
1224 4245 1336 4300 170.
2214 4317 2219 4321 ,

2146 4348 2209 4401 3*
