3117 4925
1590 359 1631 421 9
1736 446 1809 451 ..—

559 564 780 645 minet,
844 564 1164 646 Aesopum
1225 569 1292 626 et
1342 562 1667 628 Cimbrum
1724 563 1862 645 (ΙΙΙ,
1912 564 2013 644 21,
2060 560 2193 643 34).
2294 560 2463 639 Quid
2508 580 2659 625 vero

557 668 782 748 loquar
824 665 906 731 de
949 666 1088 730 eius
1131 672 1450 729 oratorum
1496 664 1867 729 Latinorum
1916 663 2187 728 notitia?
2240 664 2353 745 qui
2397 664 2479 728 ab
2524 683 2655 727 om-

559 769 746 832 nibus
824 768 956 831 illis
1029 768 1429 847 eloquentiae
1499 766 2097 831 anteciceronianae
2170 765 2535 830 auctoribus
2594 771 2661 829 et

559 871 924 951 luminibus,
964 891 1004 933 a
1034 871 1272 935 Catone
1309 890 1351 934 a
1379 869 1691 936 Gracchis
1728 890 1769 933 a
1794 868 2017 935 Laelio
2054 890 2095 933 a
2132 868 2431 953 Scipione
2450 866 2661 931 Galba

559 973 834 1037 Porcina
877 973 1113 1037 Crasso
1147 972 1422 1036 Antonio
1469 972 1701 1037 ceteris
1744 972 2041 1056 exempla
2086 990 2275 1053 posse
2316 990 2391 1035 se
2434 969 2663 1033 afferre

561 1074 886 1139 contendit
897 1074 1032 1157 (IV,
1053 1074 1114 1156 ἴ),
1130 1074 1216 1155 7),
1238 1074 1454 1139 attulit
1469 1094 1627 1139 sane
1646 1074 1743 1139 bis
1766 1081 1935 1139 certe
1944 1074 2077 1155 (IV,
2090 1073 2230 1155 35³3
2251 1072 2334 1152 ΙΙ,
2346 1072 2449 1151 20,
2462 1070 2595 1151 33).
2612 1069 2665 1146 1)

561 1178 853 1242 Ceterum
889 1175 1077 1241 huius
1113 1177 1354 1241 ordinis
1389 1176 1601 1242 elucet
1636 1171 1811 1242 certa
1848 1176 2166 1259 quaedam
2202 1174 2387 1255 ratio,
2434 1192 2663 1255 nempe

561 1300 640 1344 ca
685 1287 752 1343 ut
789 1279 1098 1343 Catonem
1135 1278 1587 1360 Gracchusque
1630 1298 1973 1360 eorumque
2007 1277 2317 1361 imprimis
2352 1277 2423 1341 O.
2462 1274 2661 1340 Grac-

563 1383 752 1457 chum
789 1380 893 1463 (ef.
933 1382 1038 1462 IV,
1082 1382 1138 1461 1,
1179 1380 1246 1461 2)
1283 1381 1665 1445 veteriorum
1699 1388 2075 1463 temporum,
2125 1380 2429 1445 Crassum
2464 1378 2659 1441 Anto-

563 1484 882 1564 niumque,
929 1482 996 1546 in
1041 1483 1141 1548 his
1187 1489 1403 1547 autem
1443 1483 1790 1568 praecipue
1839 1484 2139 1548 Crassum
2186 1481 2291 1563 (cf.
2331 1481 2435 1561 IV,
2474 1481 2535 1561 3,
2572 1478 2661 1561 ὃ),

564 1586 981 1650 recentiorum
1026 1590 1308 1649 oratores
1353 1586 1923 1651 excellentissimos
1966 1584 2312 1663 iudicasse,
2375 1582 2665 1647 Laelium

566 1686 926 1769 Scipionem
964 1687 1239 1751 Galbam
1274 1687 1614 1751 Porcinam
1661 1693 1811 1751 ante
1846 1686 2148 1751 Crassum
2187 1684 2661 1763 Antoniumque

564 1794 821 1871 propter
853 1795 1147 1869 aetatem,
1194 1794 1340 1870 post
1374 1787 1737 1852 Gracchum
1772 1794 2031 1871 propter
2071 1786 2361 1851 viliorem
2404 1780 2665 1849 dicendi

564 1898 764 1955 artem
801 1889 1108 1973 posuisse,
1156 1889 1333 1971 ipsos
1369 1894 1583 1954 autem
1620 1910 1735 1973 pro
1772 1890 2079 1970 cuiusque
2114 1888 2347 1952 virtute
2383 1893 2447 1951 et
2484 1904 2667 1968 prae-

565 1991 804 2055 stantia
872 1991 1152 2055 oratoria
1223 1990 1554 2058 ordinasse
1576 1994 1625 2074 ²)
1688 1992 1959 2074 scriptor
2030 1990 2339 2056 videatur.
2444 1990 2668 2070 Neque

565 2094 774 2157 minus
817 2094 1012 2176 probe
1057 2114 1253 2174 quam
1298 2100 1522 2176 poetas
1566 2101 1975 2174 oratoresque
2020 2112 2226 2159 rerum
2284 2096 2671 2174 cognoverat

567 2194 932 2278 scriptores:
997 2214 1126 2275 qua
1179 2193 1258 2259 de
1313 2215 1382 2259 rc
1439 2194 1609 2259 infra
1659 2194 2023 2259 accuratius
2066 2193 2441 2259 videbimus.
2531 2193 2669 2257 Iam

571 2304 812 2379 quanta
864 2298 1020 2360 artis
1075 2296 1428 2361 rhetoricae
1489 2296 1757 2379 eiusque
1811 2297 2083 2361 fontium
2138 2295 2408 2361 scientia
2459 2295 2670 2375 fuerit,
2711 2336 2715 2341 -

573 2418 716 2462 cum
760 2396 1088 2482 Kayscrus
1131 2398 1198 2462 in
1241 2397 1763 2464 annotationibus
1818 2397 2309 2481 diligentissime
2362 2396 2669 2478 docuerit,

573 2500 756 2564 mitto
792 2499 1127 2579 disserere3
1167 2500 1322 2565 artis
1357 2499 1817 2582 grammaticae
1845 2500 2055 2566 studio
2084 2501 2395 2583 imprimis
2424 2521 2493 2565 se
2530 2519 2677 2564 eum

575 2601 832 2666 dedisse
873 2602 975 2664 vel
1019 2600 1169 2665 inde
1213 2609 1507 2685 apparet,
1574 2601 1746 2683 quod
1788 2601 2079 2667 notiones
2124 2602 2491 2668 Latinitatis
2506 2651 2521 2682 ,
2575 2621 2681 2666 so-

578 2703 882 2784 loecismi,
931 2704 1308 2768 barbarismi
1351 2706 1675 2788 explicare
1720 2712 1997 2770 conatur
2010 2704 2176 2788 2(1V‚
2219 2706 2318 2783 12,
2361 2701 2488 2784 17).

751 2805 959 2887 Atque
1019 2805 1214 2870 ctiam
1279 2807 1562 2872 Graecos
1626 2808 1898 2891 scriptor
1956 2814 2269 2872 nocturna
2328 2806 2685 2888 diurnaque

580 2926 776 2971 manu
832 2908 1157 2989 versabat,
1223 2928 1490 2988 quorum
1551 2909 1861 2974 rationem
1915 2909 2109 2974 ctiam
2165 2908 2545 2974 iudiciorum
2588 2907 2683 2973 di—

585 3009 742 3074 dicit
787 3010 868 3092 (1,
906 3011 1006 3090 12,
1049 3011 1179 3093 22).
1267 3009 1351 3074 Et
1393 3011 1715 3093 quamvis,
1780 3029 1909 3092 qua
1960 3017 2057 3076 est
2100 3011 2391 3076 Romana
2442 3010 2688 3095 simpli·—

505 3199 508 3202 .
587 3113 798 3192 citate,
836 3110 1164 3176 doctrinae
1197 3111 1612 3178 iactationem
1648 3120 1712 3177 et
1746 3113 2125 3196 pusillarum
2162 3133 2369 3178 rerum
2406 3113 2687 3178 studium

590 3215 694 3298 (ΙΙ,
737 3216 838 3296 11,
878 3215 987 3294 16;
1024 3215 1074 3292 Ι,
1118 3216 1174 3294 1,
1219 3215 1280 3297 1)
1315 3204 1544 3280 acerbe
1582 3213 2022 3299 reprehendat,
2060 3214 2435 3300 disciplinas
2472 3221 2689 3282 tamen

591 3336 809 3380 eorum
853 3314 1402 3398 eruditionemque
1447 3317 1741 3400 agnoscit
1780 3323 1847 3382 ct
1881 3317 2213 3401 praedicat
2248 3316 2379 3401 (IV,
2418 3318 2521 3398 32,
2557 3318 2689 3401 43).

593 3416 734 3495 Quo
795 3417 895 3500 fit,
958 3424 1028 3482 ut
1087 3424 1154 3483 et
1205 3419 1548 3484 Homerum
1608 3420 1749 3501 (IV,
1804 3421 1916 3502 33,
1968 3419 2077 3503 44)
2140 3427 2203 3484 et
2246 3421 2696 3486 Demosthenis

594 3519 1058 3601 Aeschinisque
1107 3521 1659 3604 praeclarissimas
1704 3521 1785 3588 de
1828 3543 2063 3587 corona
2107 3521 2427 3587 orationes
2444 3522 2499 3604 ³)
2538 3542 2697 3588 tsae-

597 3622 742 3704 pius
786 3620 978 3702 idque
1021 3623 1115 3687 ita
1157 3631 1228 3687 ut
1269 3622 1409 3706 ipse
1453 3623 1746 3704 noecirct,
1789 3623 2039 3708 opinor,
2085 3623 2369 3689 imitatus
2402 3624 2513 3689 sit.

773 3797 818 3875 1)’
854 3807 918 3864 cf.
957 3809 1064 3863 Cic.
1104 3809 1255 3863 Rhet.
1293 3809 1334 3872 J,
1372 3811 1453 3865 79.

775 3892 822 3961 ²)
858 3894 923 3948 cf.
960 3893 1068 3950 Cic.
1104 3893 1255 3950 Brut.
1295 3895 1375 3959 21,
1411 3897 1504 3960 833
1542 3898 1625 3960 24,
1662 3899 1755 3960 94;
1793 3897 1858 3950 de
1896 3913 1953 3950 or
1988 3896 2033 3960 Ι,
2079 3897 2156 3960 10,
2190 3897 2275 3951 40.

777 3977 822 4045 ⁸)
859 3977 948 4042 IV,
976 3979 1060 4042 30,
1083 3977 1159 4032 ⁴41
1190 3973 1406 4034 osseum
1431 3980 1582 4035 Dem.
1610 3979 1805 4045 XVIII,
1838 3981 1957 4044 129;
1994 3979 2085 4045 IV,
2109 3981 2183 4046 15,
2213 3981 2281 4034 22
2308 3982 2373 4037 cf.
2404 3998 2523 4035 cum
2552 3982 2705 4036 Dem.

605 4061 803 4130 XVIII,
839 4066 930 4128 713
963 4065 1059 4130 IV,
1097 4055 1194 4129 25,
1215 4067 1285 4119 34
1319 4065 1383 4132 ef.
1413 4083 1456 4122 c.
1488 4065 1639 4122 Dem.
1666 4065 1867 4132 xvm,
1900 4067 2024 4130 1793
2058 4066 2151 4132 IV,
2188 4067 2269 4131 29,
2298 4067 2365 4123 40
2391 4069 2455 4121 cf.
2485 4083 2527 4121 c.
2554 4067 2707 4121 Dein.

606 4149 798 4216 XVIII,
833 4151 900 4204 20
935 4156 991 4205 et
1025 4151 1092 4204 22
1103 4171 1118 4214 ;
1153 4151 1242 4217 IV,
1282 4153 1362 4216 13,
1402 4153 1466 4206 19
1499 4153 1566 4206 cf.
1604 4169 1647 4208 c,
1688 4151 1875 4207 Aet-sch.
1913 4153 2007 4217 ΠΙ,
2028 4153 2152 4208 ,198
2180 4157 2278 4208 ote.
2314 4157 2415 4210 eto.
