3117 4925
1445 333 1528 397 52

606 538 819 612 „Haec
843 540 946 603 ubi
971 542 1130 603 dicta
1159 542 1339 615 dedit,
1369 544 1607 627 strinyit
1628 543 1900 628 9Zaclimn
1922 564 2210 629 cuneoque
2231 543 2405 629 facto
2423 568 2538 632 per

607 645 831 737 medios
865 646 1034 707 vadit
1059 645 1257 717 hostis,
1296 656 1366 717 et,
1403 658 1616 711 cum
1652 647 1745 713 ἱη
1784 645 2035 712 latus
2069 646 2538 726 dextrum,

605 743 849 829 quod
885 748 1300 830 patebat,
1363 746 1823 815 Numidae
1868 748 2537 827 tumularentur,

605 849 1091 915 translatis
1154 850 1246 915 iu
1321 849 1764 917 dextrum
1833 851 2121 917 scutis
2182 852 2245 913 in
2305 854 2541 915 maiora

609 962 804 1014 castra
847 952 932 1013 ad
963 948 1092 1013 DC
1127 958 1471 1017 evaserunt“
1516 976 1565 1016 e.
1599 975 1657 1036 q.
1692 977 1738 1015 s.

609 1068 998 1147 Quibuscum
1049 1072 1259 1137 verbis
1313 1072 1468 1155 quid
1531 1072 1736 1154 magis
1791 1072 2111 1154 convenit,
2178 1093 2369 1155 quam
2421 1073 2541 1138 hoc

437 1175 859 1259 fragmentum
907 1172 1123 1254 Goelii,
1171 1175 1339 1258 quod
1383 1174 1749 1240 Priscianus
1796 1173 2032 1239 attulit:
2055 1174 2106 1257 ¹)

609 1275 880 1351 „Coelius
914 1280 978 1341 in
1003 1282 1208 1365 primo
1242 1281 1661 1344 historiarum:
1700 1281 1985 1342 dextimos
2021 1282 2084 1342 in
2121 1283 2345 1345 deoetris
2381 1294 2543 1345 scuta

611 1381 767 1443 iubet
799 1378 1092 1444 kabere“?

611 1498 856 1563 Tantus
910 1499 1102 1581 igitur
1155 1506 1250 1565 est
1301 1519 1506 1564 rerum
1564 1499 2139 1582 vocabulorumque
2199 1521 2543 1568 consensus

442 1609 510 1667 ut
572 1600 680 1665 vix
743 1600 1080 1684 quisquam
1143 1600 1434 1667 dubitare
1488 1601 1719 1685 possit,
1787 1601 1940 1683 quin
2002 1607 2201 1665 totam
2257 1602 2541 1668 fabulam

441 1704 662 1769 Livius
705 1725 746 1768 a
793 1703 1010 1769 Coelio
1065 1704 1490 1787 arcessiverit,
1558 1704 1931 1788 praesertim
1983 1725 2110 1768 non
2168 1704 2542 1769 nominatim

318 1811 325 1817 '
442 1806 723 1873 laudato
815 1805 1082 1891 Semper
1144 1806 1313 1871 enim
1377 1808 1498 1873 hoc
1559 1807 1679 1873 fuit
1742 1806 2221 1890 compilatorum
2284 1828 2543 1874 consue-

443 1909 700 1993 tudiniS,
748 1915 815 1975 ut
861 1928 985 1991 quo
1023 1928 1338 1999 quemque
1375 1910 1751 1995 scriptorum
1791 1908 1998 1992 magis
2034 1910 2543 1993 transcriberent,

444 2034 520 2078 eo
567 2012 770 2076 rarius
815 2013 1228 2077 nominarent.

617 2117 755 2180 Iam
798 2134 950 2179 vero
1005 2115 1173 2182 unde
1226 2119 1288 2181 et
1334 2115 1648 2181 dissensio
1694 2116 1972 2181 extiterit
2016 2116 2267 2202 Polybii
2312 2123 2374 2182 et
2417 2116 2543 2201 Ap-

445 2220 623 2305 piani
676 2238 755 2283 ex
816 2224 1023 2302 parte,
1089 2217 1412 2283 Plutarchi
1475 2218 1765 2283 omnibus
1829 2219 2105 2285 numeris
2168 2240 2309 2285 cum
2364 2219 2544 2284 Livio

450 2321 798 2404 consensiO,
845 2327 1130 2405 apparet.

622 2423 898 2504 Quorum
970 2425 1242 2510 primum
1301 2424 1713 2490 Plutarchum
1782 2423 2279 2490 demonstratum
2352 2431 2447 2491 est
2509 2446 2550 2490 a

449 2527 774 2594 Nitzschio
795 2527 843 2611 ²)
879 2533 942 2593 et
981 2527 1206 2593 Petero
1228 2528 1276 2608 ³)
1313 2527 1705 2612 argumentis
1740 2525 2132 2610 firmissimis,
2172 2547 2314 2592 cum
2350 2528 2548 2593 vitam

451 2631 638 2696 Fabii
691 2630 955 2696 Maximi
1016 2631 1427 2714 describeret,
1494 2629 1752 2695 minime
1814 2630 2225 2715 exscripsisse
2277 2629 2546 2712 Livium,

451 2734 566 2801 sed
607 2734 847 2799 fontem
893 2733 1028 2798 eius
1073 2733 1383 2816 Coelium,
1451 2733 1685 2816 quippe
1730 2733 1839 2814 qui
1885 2731 2258 2814 singillatim
2303 2730 2382 2796 (16
2427 2732 2550 2797 hoc

454 2857 703 2921 quoque
746 2834 1032 2920 principe
1071 2835 1349 2900 civitatis
1387 2834 1759 2920 exposuisse
1794 2834 2104 2899 videatur.
2178 2834 2322 2898 Non
2357 2833 2551 2916 igitur

455 2941 678 3004 mirum
724 2943 821 3004 est
864 2945 926 3004 et
973 2937 1054 3004 (16
1097 2938 1263 3004 binis
1309 2959 1349 3002 a
1383 2937 1686 3003 Romanis
1724 2943 1869 3022 post
1906 2956 2185 3021 pugnam
2224 2936 2552 3022 occupatis

457 3041 682 3108 castris
718 3048 781 3107 ct
817 3041 895 3107 de
932 3063 1192 3107 numero
1231 3042 1627 3126 captivorum
1664 3041 1724 3106 ei
1760 3061 1903 3105 cum
1940 3040 2123 3105 Livio
2160 3041 2551 3106 convenisse.

627 3143 875 3209 Deinde
896 3144 1242 3209 Buiackius
1258 3143 1310 3226 4)
1348 3149 1411 3208 et
1429 3143 1764 3208 Meltzerus
1785 3142 1832 3226 ⁵)
1870 3163 2117 3208 summa
2154 3143 2373 3208 iudicii
2409 3143 2551 3208 sub-

457 3248 688 3313 tilitate
731 3245 1024 3312 videntur
1067 3248 1368 3328 effecisse,
1416 3246 1727 3328 Silenum,
1777 3247 1886 3330 qui
1931 3246 2131 3310 vitam
2174 3246 2554 3312 Hannibalis

457 3350 817 3436 descripsit,
841 3349 889 3432 ⁶)
936 3370 1059 3416 non
1105 3351 1290 3416 modo
1337 3373 1377 3415 a
1421 3350 1627 3414 Dione
1671 3355 1732 3414 et
1778 3347 2068 3414 Cornelio
2114 3350 2388 3435 Nepote,
2444 3350 2555 3415 scd

459 3454 649 3520 etiam
689 3453 772 3518 ab
807 3452 1104 3538 Appiano
1140 3453 1206 3517 in
1243 3453 1409 3518 bello
1447 3451 1891 3535 IIannibalico,
1930 3452 1994 3516 in
2032 3452 2217 3518 rebus
2255 3454 2553 3538 Hispani-

460 3557 551 3622 cis
587 3555 974 3640 Libycisque
1019 3555 1390 3622 enarrandis
1427 3577 1567 3621 esse
1604 3562 1991 3640 usurpatum.
2057 3555 2151 3619 Ac
2185 3577 2267 3620 ne
2295 3557 2556 3620 Pcterus

462 3659 714 3741 quidem
769 3659 918 3740 etsi,
983 3678 1130 3723 num
1186 3658 1326 3741 ipso
1371 3658 1588 3723 Sileno
1642 3677 1793 3725 usus
1849 3659 1933 3724 sit
1984 3658 2159 3724 sonte
2203 3659 2555 3745 AppianuS,

636 3815 676 3880 ¹)
714 3813 813 3877 ΙΙΙ,
851 3813 940 3874 22;
975 3828 1026 3879 p.
1064 3811 1162 3865 607
1201 3809 1280 3865 cd,
1317 3809 1619 3864 Putschius.

632 3897 678 3966 ²)
715 3899 918 3968 Sybel's
951 3897 1134 3950 histor.
1171 3894 1430 3951 zeitschr.
1467 3896 1601 3952 1864
1638 3913 1687 3964 p.
1725 3898 1806 3951 20.

637 3984 680 4052 ³)
718 3985 754 4037 1.
791 4001 832 4039 c.
870 4001 921 4052 p.
960 3984 1040 4038 56.

632 4070 678 4140 ⁴)
716 4071 780 4123 de
817 4069 995 4123 Sileno
1030 4068 1283 4138 scriptore
1318 4068 1636 4124 Hannibalis
1671 4087 1721 4138 p.
1764 4070 1842 4124 10.

517 4149 526 4156 ”
635 4154 680 4227 ⁶)
719 4155 783 4209 de
818 4155 878 4210 L.
916 4155 1093 4211 Coelio
1129 4154 1412 4230 Antipatro
1446 4173 1496 4224 Ρ.
1534 4157 1617 4210 49.
1690 4155 1733 4231 ⁶)
1770 4155 2051 4208 Buiackius
2086 4155 2123 4212 1.
2161 4172 2203 4207 c.
2242 4171 2291 4224 p.
2330 4154 2377 4208 2.
