3117 4925
1476 398 1565 463 47

465 624 546 669 ne
616 604 775 670 haec
849 604 1104 689 quidem
1177 604 1312 671 sine
1393 602 1613 685 aliqua
1684 600 2080 667 dubitatione
2146 600 2213 664 in
2284 598 2565 665 medium

465 706 732 791 profero.

637 810 731 874 Et·
784 808 1084 892 quoniam
1144 809 1211 874 in
1274 830 1401 893 res,
1484 829 1645 893 quas
1691 828 1726 873 e
1776 814 2062 891 tempore
2111 804 2278 870 inter
2326 803 2567 869 bellum

465 912 960 978 Hannibalicum
1005 911 1334 996 ipsiusque
1377 918 1656 977 aetatem
1688 910 2105 987 interiacente
2150 908 2422 993 scriptor
2457 904 2565 971 dc-

466 1014 716 1095 sumsit,
782 1016 874 1081 ita
927 1022 998 1082 ut
1055 1036 1171 1100 per
1212 1014 1492 1081 indolem
1547 1013 1980 1097 exemplorum
2031 1010 2237 1093 licuit,
2301 1009 2565 1092 inquisi-

466 1119 698 1200 vimuS,
761 1119 1092 1184 veniamus
1154 1118 1283 1183 iam
1347 1117 1431 1182 ad
1493 1116 1701 1201 ipsum
1766 1115 2003 1181 bellum
2058 1112 2565 1195 Hannibalicum‚

467 1240 590 1303 quo
636 1222 890 1285 nomine
931 1220 1173 1286 bellum
1207 1219 1517 1285 Punicum
1551 1218 1898 1284 secundum
1936 1216 2307 1303 saepissime
2344 1216 2563 1302 appel-

467 1324 664 1389 latum
695 1324 969 1389 invenio,
1017 1324 1204 1402 Quod
1233 1324 1316 1388 ab
1342 1322 1440 1405 iis,
1465 1322 1644 1406 ‘quae
1670 1323 1959 1387 insecuta
1978 1327 2142 1403 sunt,
2180 1318 2568 1404 temporibus

467 1428 533 1493 in
578 1426 966 1514 disputando
1011 1448 1091 1493 ea
1127 1427 1208 1493 de
1246 1446 1444 1491 causa
1480 1424 1890 1505 seiunximus‚
1940 1422 2091 1507 quia
2129 1442 2335 1487 rerum
2372 1420 2566 1507 scrip-

469 1538 690 1611 torem,
738 1530 917 1595 cuius
955 1551 1035 1595 ex
1071 1529 1326 1614 scriptis
1362 1550 1459 1610 ea,
1507 1548 1675 1611 quae
1711 1527 1791 1592 de
1827 1526 1997 1592 bello
2035 1525 2215 1608 sciat,
2254 1522 2565 1605 didicerit,

468 1632 736 1698 certiore
759 1632 1036 1715 quadam
1055 1632 1299 1697 ratione
1327 1651 1517 1717 posse
1537 1630 1721 1695 nobis
1740 1630 2029 1695 videmur
2057 1633 2566 1695 commonstrare.

472 1736 633 1799 Tam
697 1736 864 1801 enim
919 1756 1020 1800 res
1077 1736 1312 1820 profert
1371 1733 1755 1817 singulareS,
1821 1737 1890 1796 ut'
1942 1752 2069 1796 non
2122 1730 2369 1812 volgari
2426 1747 2569 1793 cum

471 1838 738 1903 scientia.
793 1839 1098 1903 historica
1149 1837 1378 1920 fuisse,
1445 1836 1558 1902 sed
1612 1856 1653 1899 a
1708 1841 1879 1901 certo
1936 1834 2215 1917 quodam
2268 1830 2569 1896 historico

473 1940 848 2005 instructum
905 1961 1047 2007 esse
1100 1941 1504 2025 perspicuum
1562 1940 1660 2005 sit.
1751 1930 1983 2021 Atque
2012 1934 2192 2001 multi
2247 1934 2307 1999 ei
2360 1952 2571 2001 rerum

477 2043 814 2127 scriptores
859 2050 1114 2130 praesto
1151 2044 1424 2125 fuerunt,
1473 2042 1526 2109 si
1566 2041 1831 2109 Graecis
1866 2040 1959 2105 uti
1993 2038 2268 2119 volebat,
2317 2035 2569 2101 Silenus

473 2145 720 2212 Sosilus
753 2147 1040 2213 Chaerea
1059 2146 1386 2231 Polybius,
1427 2147 1479 2211 si
1514 2144 1931 2231 popularibus
1967 2142 2265 2223 malebat,
2302 2138 2571 2204 annales

469 2247 656 2313 Fabii
691 2250 981 2331 Pictoris,
1029 2248 1234 2314 Cincii
1269 2248 1588 2328 Alimenti‚
1628 2244 1958 2330 Calpurnii
1994 2244 2245 2311 Pisonis
2281 2241 2569 2322 aliorum,

470 2350 748 2432 origines
794 2350 1086 2432 Catonis,
1149 2352 1416 2415 historia
1468 2351 1619 2416 belli
1664 2348 1889 2414 Punici
1943 2346 2204 2414 secundi
2251 2346 2322 2409 L.
2371 2345 2573 2410 Coelii

470 2451 810 2537 Antipatri.
919 2452 1200 2531 Quorum
1263 2473 1450 2535 quem
1513 2452 1781 2537 scriptor
1842 2449 2197 2535 inspexisse
2257 2448 2569 2532 videatur,

469 2555 662 2620 facile
714 2555 1102 2639 intellegitur
1155 2577 1235 2620 ex
1289 2556 1581 2639 exemplo
1627 2556 1741 2634 ΙΙΙ,
1780 2555 1840 2636 5,
1879 2555 1917 2619 8
1964 2553 2191 2633 allato;
2256 2551 2364 2616 ubi
2410 2551 2571 2616 haec

469 2657 710 2742 scripta
756 2665 933 2723 sunt:

640 2761 784 2836 „Set
825 2766 879 2826 si
921 2765 1223 2835 acciderit,
1287 2774 1353 2826 ut
1404 2766 1468 2826 in
1513 2763 1930 2827 consultatione
1974 2762 2147 2825 alteri
2188 2761 2263 2822 ab
2308 2771 2435 2822 tuta
2476 2783 2572 2821 ra·

643 2869 810 2938 tione,
858 2867 1032 2930 alteri
1073 2866 1148 2929 ab
1192 2868 1432 2930 honesta
1475 2869 1757 2930 sententia
1802 2869 1903 2938 sit,
1947 2877 2015 2928 ut
2055 2867 2119 2927 in
2164 2862 2574 2928 deliberatione

641 2991 860 3040 eorum,
917 2973 1022 3054 qui
1065 2993 1103 3030 a
1147 2969 1349 3032 Poeno
1393 2971 1755 3032 circumsessi
1795 2969 2136 3038 deliberant,
2182 2969 2330 3052 quid
2372 2977 2573 3052 ayant,

643 3081 831 3132 tutam
897 3075 1188 3136 rationem
1257 3074 1422 3156 sequi
1473 3073 1579 3156 qui
1620 3071 1913 3143 suadebit,
1982 3071 2073 3133 his
2142 3070 2280 3133 locis
2347 3081 2573 3133 utetur:

641 3174 868 3236 nullam
901 3197 1028 3237 rem
1061 3175 1355 3238 utiliorem
1391 3197 1507 3238 esse
1550 3175 1947 3237 incolumitate
1982 3187 2032 3237 e.‘
2066 3198 2121 3259 q.
2158 3196 2233 3246 8.‚·
2276 3176 2381 3258 qui
2417 3183 2574 3236 tutae

641 3279 730 3338 rei
773 3289 1102 3362 praeponet
1151 3280 1443 3339 rationem
1485 3277 1805 3348 honestam,
1852 3277 1944 3339 his
1988 3277 2126 3340 locis
2170 3286 2395 3338 utetur:
2459 3279 2571 3338 vir-

645 3389 822 3440 tutem
866 3379 1028 3440 nullo
1073 3391 1328 3464 tempore
1371 3379 1820 3464 relinquendam
1866 3402 1912 3442 e.
1949 3403 2005 3464 q.
2042 3384 2129 3442 s.“

643 3478 946 3544 Videmus
983 3479 1265 3544 Poenum
1301 3479 1639 3561 victorem3
1686 3479 1975 3546 videmus
2021 3478 2331 3561 quosdam
2376 3477 2459 3541 ab
2498 3497 2572 3541 eo

453 3573 952 3665 ⁴circumsesso&
1017 3581 1306 3648 videmus
1369 3581 1516 3648 illos
1578 3582 1755 3668 ipsos
1815 3583 1881 3647 in
1938 3583 2197 3648 summis
2260 3579 2573 3662 angustiis

473 3685 629 3766 quid
691 3693 888 3768 agant
942 3685 1364 3751 deliberantes
1421 3691 1485 3750 et
1542 3685 1609 3748 in
1664 3692 1997 3768 utramque
2052 3689 2300 3768 partem
2356 3682 2573 3767 dispu-

471 3793 701 3852 tantes.
810 3787 1014 3864 Quam
1087 3793 1299 3854 autem
1373 3809 1504 3854 rem
1578 3787 1644 3853 in
1706 3787 2133 3853 voluminibus
2195 3786 2574 3872 scriptorum

473 3890 766 3972 quamvis
858 3889 1194 3972 diligenter
1281 3891 1568 3956 excussis
1643 3889 2214 3976 pervestigatisque
2292 3888 2576 3956 invenire

472 3991 708 4076 possis»,
777 4012 942 4075 quae
1004 3993 1207 4074 magis
1270 3999 1581 4076 congruat
1645 4014 1787 4059 cum
1843 3992 2054 4058 verbis
2110 3991 2572 4074 CornificianiS,

473 4115 670 4176 quam
725 4114 828 4175 ea,
895 4114 1086 4176 quam
1148 4102 1292 4178 post
1356 4115 1640 4179 pugnam
1687 4096 2085 4162 Cannensem
2143 4114 2288 4160 cum
2342 4117 2577 4179 magna

476 4197 752 4262 nominis
787 4196 1059 4262 Romani
1104 4197 1336 4282 partim
1383 4196 1573 4264 laude
1610 4198 1842 4284 partim
1878 4197 2228 4282 ignominia
2264 4194 2575 4266 accidisse
