3117 4925
1457 357 1545 422 33

443 564 909 630 Minturnenses
957 563 1216 646 quidem
1260 561 1510 628 dimissi
1553 561 1756 646 ipsius
1792 562 1984 628 Marii
2017 581 2226 646 poena
2261 560 2550 630 affecisse

445 663 800 728 videantur.

618 763 825 828 Huius
878 765 1075 847 igitur
1121 764 1392 849 Sulpicii
1444 773 1514 830 ut
1568 767 1702 832 vivi
1756 765 2028 834 consilia
2079 764 2553 848 sententiasque

449 866 677 949 probat
714 866 807 931 ita
845 867 1073 932 mortui
1098 866 1400 932 miseram
1429 875 1664 934 sortem
1692 869 1858 937 inter
1886 869 2176 934 fortunas
2204 872 2552 933 ceterorum

448 969 669 1058 populi
698 976 1109 1052 patronorum
1140 968 1408 1051 scriptor
1437 969 1794 1054 deploravit
1815 977 2006 1054 atque
2028 975 2412 1052 conquestus
2432 974 2547 1035 est.

621 1069 1040 1136 Subsecutum
1086 1077 1183 1136 est
1227 1070 1465 1138 bellum
1510 1071 1960 1154 Octavianum,
2026 1091 2150 1154 quo
2195 1077 2331 1136 tota
2376 1071 2546 1139 circa

448 1173 667 1238 urbem
695 1174 873 1258 regio
901 1173 1218 1238 continuis
1248 1173 1507 1256 proeliis
1536 1173 1842 1240 caedibus
1869 1173 2184 1240 incendiis
2215 1172 2552 1240 devastata

448 1281 572 1340 est·
558 1275 645 1360 ,¹)
691 1276 812 1340 hoc
858 1283 1273 1360 exceperunt,
1329 1295 1473 1340 cum
1516 1276 1888 1352 Marianis,
1891 1279 2194 1351 ,militibus
2236 1279 2380 1340 urbs
2421 1279 2552 1340 red-

448 1381 766 1452 undaret“,
824 1378 1111 1445 infinitae
1167 1379 1404 1443 civium
1457 1377 1687 1444 caedes
1743 1385 2115 1462 stragesque
2151 1377 2284 1460 (IV,
2323 1379 2428 1460 52,
2467 1378 2550 1449 65

448 1479 529 1544 cf.
568 1481 955 1545 contrariam
985 1481 1263 1566 Kayseri
1298 1481 1691 1565 opinionem)
1729 1481 2163 1566 septimusque
2181 1480 2370 1546 Marii
2405 1500 2551 1548 con-

448 1583 715 1666 sulatus,
762 1583 941 1648 cuius
985 1584 1121 1648 vita
1164 1584 1541 1667 singillatim
1585 1583 1910 1668 descripta
1947 1582 2082 1666 (IV,
2120 1584 2224 1664 54,
2265 1583 2378 1667 68)
2415 1589 2552 1650 tota

449 1684 773 1770 scriptoris
818 1694 997 1751 aetas
1049 1687 1365 1772 impletur.
1454 1687 1635 1752 Haec
1690 1706 1834 1751 cum
1893 1686 2304 1771 gerebantur,
2367 1685 2556 1752 finem

448 1785 600 1850 fecit
654 1787 1001 1869 scribendi3
1066 1809 1216 1852 num
1272 1788 1532 1852 vivendi
1576 1789 1824 1870 fecerit,
1881 1787 2179 1870 equidem
2221 1808 2352 1854 non
2394 1787 2555 1854 diiu-

450 1885 825 1972 dicaverim3
872 1889 993 1954 hoc
1030 1897 1245 1956 tamen
1281 1895 1547 1973 constat,
1593 1910 1782 1972 quem
1828 1889 1906 1956 de
1953 1895 2089 1955 arte
2135 1890 2557 1972 grammatica

449 1989 679 2056 librum
725 1992 1221 2078 compositurum
1266 2013 1335 2058 se
1371 1993 1694 2078 pollicitus
1731 2000 1827 2058 est
1866 1993 2000 2075 (IV,
2045 1994 2142 2075 12,
2183 1991 2315 2075 17),
2363 1991 2552 2058 huius

452 2111 535 2156 ne
581 2093 902 2158 tantillum
948 2095 1203 2176 quidem
1251 2101 1471 2160 extare
1514 2094 1792 2178 vestigii.
1975 2085 1978 2088 ⁴

622 2195 801 2261 Haec
844 2195 1212 2280 habuimus,
1276 2218 1441 2280 quae
1487 2197 1566 2261 de
1610 2197 1690 2262 iis
1745 2198 1960 2280 rebuS,
2027 2217 2186 2280 quas
2233 2217 2268 2261 e
2313 2204 2552 2280 tempo-

454 2297 649 2378 ribus,
688 2317 854 2377 quae
888 2299 1027 2383 ipse
1061 2298 1241 2382 vidit,
1280 2299 1539 2386 petiisse
1577 2300 1829 2366 videtur
1849 2299 2245 2383 CornificiuS,
2286 2298 2558 2365 dicenda

455 2402 841 2482 putaremus.
898 2398 1203 2466 Videmus
1230 2422 1375 2466 eum
1394 2403 1858 2468 Herenniorum
1887 2403 2265 2486 cognatione
2294 2403 2558 2486 dignum

456 2501 785 2583 popularis
839 2522 1072 2568 causae
1126 2503 1325 2568 fuisse
1382 2502 1918 2584 studiosissimum
1971 2504 2194 2570 habita
2237 2510 2449 2569 tamen
2497 2512 2560 2569 et

456 2605 672 2687 legum
717 2613 783 2671 >et
818 2607 1035 2672 decori
1071 2609 1347 2691 ratione,
1390 2607 1684 2673 videmus
1720 2628 1798 2672 ea
1835 2607 2048 2672 omnia
2085 2626 2252 2687 quae
2284 2626 2558 2671 comme-

456 2715 688 2791 morat,
754 2710 1109 2776 arctissimo
1174 2710 1339 2775 inter
1398 2730 1467 2776 se
1530 2730 1778 2775 conexu
1839 2708 2206 2787 cohaerere3
2271 2708 2560 2773 videmus

457 2808 731 2893 denique
767 2811 1139 2896 scriptorem
1174 2811 1400 2878 harum
1436 2832 1650 2877 rerum
1678 2819 2003 2878 auctorem
2031 2817 2382 2893 testemque
2417 2831 2558 2877 esse

457 2913 972 2997 existimandum,
1003 2915 1059 2979 si
1078 2914 1237 2982 scite
1266 2913 1654 2999 adhibueris,
1693 2915 2161 2998 gravissimum,
2201 2934 2344 2979 cum
2371 2914 2558 2979 rebus

456 3015 655 3097 gestis
694 3016 871 3081 nisus
908 3018 1112 3083 soleat
1153 3023 1370 3084 tamen
1397 3018 1487 3083 ita
1518 3037 1636 3082 sua
1663 3017 2066 3100 adspergere,
2101 3024 2172 3081 ut
2198 3017 2558 3103 exemplum

458 3117 693 3183 efficiat
722 3118 807 3183 ad
834 3140 967 3184 rem
995 3125 1217 3203 aptum
1246 3126 1437 3201 atque
1464 3118 2016 3185 accommodatum
2035 3118 2137 3201 (cf.
2156 3138 2218 3201 p.
2241 3120 2326 3182 24
2343 3126 2408 3183 et
2425 3119 2558 3202 36).

629 3221 949 3299 Quoniam
981 3222 1175 3305 igitur
1211 3222 1291 3288 de
1325 3223 1425 3289 his
1463 3222 1652 3287 rebus
1688 3221 1846 3287 satis
1881 3220 2122 3287 dixisse
2163 3220 2350 3285 nobis
2383 3221 2557 3287 vide-

455 3345 615 3407 mur,
654 3324 959 3409 deinceps
994 3325 1075 3391 de
1108 3326 1188 3390 iis
1222 3325 1413 3391 rebus
1454 3322 1910 3407 disputandum
1938 3329 2054 3407 est,
2092 3343 2378 3407 quarum,
2417 3344 2560 3389 cum

454 3432 604 3493 ante
640 3428 775 3493 eius
812 3427 1183 3494 memoriam
1223 3426 1628 3508 accidissent,
1669 3426 1942 3510 scriptor
1975 3426 2360 3491 mentionem
2385 3426 2555 3491 fecit.

456 3528 741 3607 Quarum
784 3531 1039 3596 omnino
1074 3530 1215 3613 hoc,
1254 3538 1323 3597 ut
1366 3550 1562 3614 supra
1605 3528 1884 3594 diximus
1931 3526 2018 3611 (p.
2064 3526 2188 3611 10),
2231 3526 2559 3612 proprium

455 3639 579 3714 est,
642 3639 711 3697 ut
773 3633 1043 3698 rariores
1098 3633 1226 3697 sint
1279 3639 1757 3718 temporumque
1810 3629 2162 3697 intervallis
2223 3627 2558 3695 distinctae

454 3734 822 3800 maioribus.

626 3837 721 3900 Ac
765 3836 1040 3920 primum
1084 3836 1258 3919 quod
1301 3837 1576 3923 proximi
1630 3837 1714 3902 ab
1758 3834 2196 3903 adulescentia
2239 3854 2356 3899 sua
2400 3840 2555 3899 tem-

456 3939 630 4025 poris
674 3958 776 4003 res
821 3938 1109 4021 singulas
1152 3959 1281 4005 non
1338 3958 1595 4023 prorsus
1645 3938 1920 4021 ignoret,
1983 3958 2113 4003 non
2165 3936 2556 4021 mirabimur,

630 4076 674 4145 ¹)
711 4075 815 4129 hnc
848 4074 1073 4127 fortasse
1108 4076 1354 4142 spectant
1386 4074 1551 4127 verba
1585 4072 1811 4141 exempli
1846 4072 1945 4137 IV,
1981 4074 2077 4138 50,
2111 4072 2180 4127 63
2213 4070 2370 4126 allati
2403 4068 2560 4157 haec:

458 4161 627 4229 „quia
660 4161 823 4215 villae
858 4160 1109 4214 incensae
1142 4162 1325 4214 sunt‘fi

2111 4262 2146 4315 3
