3117 4925
1533 361 1621 425 42

517 566 718 633 multo
764 566 972 651 magis
1019 586 1214 651 quam
1249 565 1662 633 Plutarchum
1700 564 2009 630 Gracchis
2054 561 2381 629 addictum
2423 564 2624 631 fuisse

518 670 588 735 in
658 688 1002 753 eorumque
1078 670 1276 736 verba
1355 670 1601 735 iurasse
1669 668 1863 733 facile
1933 665 2337 747 intellegitur.
2442 665 2622 733 Idem

519 772 948 839 Gracchorum
985 773 1322 854 orationes,
1368 778 1438 837 ut
1474 791 1669 855 supra
1704 769 2337 836 commemoravimus
2374 768 2462 853 (p.
2490 768 2619 851 15),

525 874 1016 958 diligentissime
1077 874 1670 992 studiosissimeque
1730 871 2043 939 lectitavit
2106 870 2481 955 didicitque,
2553 874 2623 939 in

519 976 914 1043 orationibus
969 997 1120 1042 vero
1165 977 1314 1043 Gaii
1375 976 1687 1063 imprimis
1749 981 2038 1041 versatus
2091 974 2341 1039 videtur
2392 973 2620 1056 (ibid.)

515 1079 716 1164 Atqui
775 1079 1010 1145 scimus
1065 1100 1100 1145 e
1145 1079 1444 1145 Charisio
1456 1080 1504 1163 ¹)
1559 1078 1630 1145 O.
1678 1078 2036 1145 Gracchum
2108 1098 2278 1143 anno
2332 1058 2419 1168 {233
2478 1098 2623 1143 cum

515 1180 909 1265 rogationem
970 1182 1300 1267 Papiriam
1379 1180 1460 1248 de
1539 1181 1809 1247 tribunis
1879 1180 2235 1247 reficiendis
2296 1180 2608 1265 suaderet,

519 1283 822 1367 populum
899 1283 985 1348 ad
1061 1283 1563 1350 miscricordiam
1642 1282 1979 1349 miserrimi
2048 1282 2263 1348 fratris
2325 1283 2618 1349 interitus

517 1384 891 1467 adduxisse3
954 1386 1086 1452 veri
1139 1387 1348 1452 simile
1401 1393 1614 1452 autem
1658 1392 1756 1451 est
1800 1385 2176 1471 saepissime
2220 1405 2366 1451 eum
2411 1385 2622 1451 scelus

516 1486 676 1553 illud
753 1487 1242 1555 iniustissimum
1320 1488 1885 1571 foedissimumque
1947 1488 2014 1551 in
2078 1486 2323 1553 animos
2386 1488 2620 1553 civium

517 1608 871 1656 revocasse.
903 1652 910 1660 ,
945 1588 1126 1669 Quae
1169 1611 1312 1657 cum
1358 1590 1451 1655 ita
1495 1590 1645 1674 sint,
1689 1610 1817 1655 non
1862 1589 2083 1656 dubito
2128 1591 2280 1673 quin
2314 1612 2395 1657 ex
2433 1590 2622 1655 huius

517 1693 934 1775 orationibuS,
1017 1693 1322 1777 quicquid
1393 1693 1473 1759 de
1535 1693 1777 1760 Tiberii
1848 1694 2167 1759 occisione
2228 1700 2619 1777 compertum

516 1796 812 1879 habebat,
859 1796 1130 1881 petierit.
1202 1797 1422 1862 Facile
1468 1800 1639 1863 enim
1680 1796 1817 1861 fieri
1864 1803 2113 1883 poterat
2156 1796 2224 1861 in
2268 1802 2450 1859 tanta
2484 1815 2617 1859 om-

515 1900 691 1965 nium
751 1898 1202 1983 trepidatione,
1274 1900 1341 1965 in
1403 1907 1583 1965 tanto
1645 1899 1837 1965 totius
1898 1899 2127 1965 Italiae
2188 1898 2487 1981 tumultu,
2550 1898 2618 1963 in

515 2009 698 2067 tanta
759 2002 991 2067 civium
1052 2001 1477 2083 dissensione,
1561 2008 1630 2067 ut
1691 2002 1886 2067 etiam
1948 2001 2171 2087 paucis
2232 2001 2417 2066 annis
2472 2009 2619 2087 post

517 2103 796 2169 occisum
841 2102 1168 2168 Tiberium
1213 2102 1293 2168 de
1339 2103 1609 2186 singulis
1652 2103 1841 2169 rebus
1885 2103 2163 2186 diverse,
2229 2123 2355 2187 quo
2401 2124 2617 2186 quem-

517 2226 640 2289 que
685 2204 958 2291 partium
1004 2204 1282 2270 studium
1324 2206 1547 2288 ferret,
1606 2205 2036 2288 dictitaretur,
2095 2205 2281 2271 aliter
2324 2205 2407 2271 ab
2452 2206 2618 2291 opti-

519 2308 813 2389 matibus,
851 2306 1038 2372 aliter
1073 2328 1114 2371 a
1149 2308 1340 2373 sociis
1359 2307 1679 2393 Scipionis
1698 2308 2060 2390 Aemiliani,
2099 2308 2287 2395 aliter
2320 2329 2363 2373 a
2399 2308 2617 2389 fratre,

519 2417 712 2496 atque
773 2418 842 2477 ut
901 2410 1003 2478 sui
1063 2411 1294 2496 cuique
1355 2431 1574 2478 eorum
1638 2412 1983 2478 maximam
2045 2410 2235 2478 fidem
2296 2411 2623 2478 haberent.

517 2515 744 2598 Neque
789 2522 1004 2580 tamen
1047 2521 1200 2600 puto
1245 2513 1401 2580 dum
1444 2514 1606 2580 haec
1650 2515 1954 2582 scriberet
1997 2515 2357 2599 inspexisse
2401 2513 2624 2578 Corni-

521 2619 736 2684 ficium
773 2619 842 2684 O.
884 2618 1162 2686 Gracchi
1195 2618 1536 2700 orationes,
1584 2617 1700 2683 sed
1743 2639 1839 2699 ea,
1887 2637 2050 2701 quae
2094 2639 2175 2684 ex
2217 2617 2298 2682 iis
2341 2637 2381 2680 a
2425 2635 2627 2700 puero

523 2720 812 2788 tractatis
836 2728 1154 2802 utcunque
1172 2721 1241 2786 in
1260 2720 1569 2785 memoria
1586 2721 1969 2804 retinuisset,
1981 2721 2194 2787 verbis
2211 2719 2621 2805 expressisse.

519 2825 840 2891 Diodorus
876 2822 1172 2906 denique,
1213 2842 1356 2887 cum
1391 2822 1727 2905 neminem,
1767 2843 1847 2888 ne
1866 2823 2312 2888 Collmannum
2343 2819 2624 2905 quidem,

520 2928 587 2994 in
631 2927 793 2994 haec
836 2924 1197 3007 fragmenta
1239 2924 1649 3010 inquisivisse
1693 2924 1945 2992 videam
1960 2975 1979 3008 ,
2028 2925 2183 2990 mihi
2228 2924 2485 3008 quidem
2529 2923 2624 2988 vi-

521 3031 725 3111 detur,
763 3027 820 3093 si
855 3027 1004 3092 licet
1041 3047 1122 3092 ex
1157 3027 1492 3110 sententia,
1531 3048 1722 3112 quam
1759 3028 1869 3094 ille
1907 3028 1987 3094 de
2024 3049 2179 3095 nece
2216 3028 2313 3094 Ti.
2348 3023 2625 3093 Gracchi

523 3131 845 3214 habuerit,
915 3129 1310 3213 ratiocinari,
1372 3130 1546 3195 fonte
1599 3149 1751 3196 usus
1813 3152 1955 3197 esse
1997 3131 2371 3212 Posidonio,
2435 3149 2625 3213 quem

523 3241 1020 3300 consentaneum
1063 3239 1160 3298 est
1203 3231 1374 3298 idem
1417 3233 1719 3318 sensisse,
1786 3233 1959 3318 quod
2002 3233 2371 3318 Scipionem
2412 3230 2626 3296 Aemi-

525 3337 769 3404 lianum
800 3335 871 3401 G.
891 3335 1182 3402 Laelium
1217 3335 1398 3402 alios.
1464 3335 1635 3402 Nam
1670 3342 1735 3402 et
1767 3335 2121 3422 discipulus
2158 3341 2297 3402 erat
2332 3331 2626 3402 Panaetii

525 3439 738 3524 stoici,
802 3437 913 3522 qui
947 3457 1056 3502 ex
1118 3437 1482 3504 domesticis
1543 3437 1753 3504 fuerat
1794 3438 2133 3524 Scipionis,
2195 3446 2259 3504 et
2321 3438 2629 3522 pleraque

523 3541 709 3628 petiit
772 3562 854 3607 ex
915 3541 986 3606 P.
1031 3540 1261 3606 Rutilii
1312 3540 1461 3606 Rufi
1518 3540 1803 3607 historiis
1862 3562 2094 3626 graece
2156 3538 2554 3626 conscriptiS,
2576 3538 2627 3619 ²)

529 3645 640 3730 qui
683 3643 823 3730 ipse
857 3642 1009 3708 inde
1043 3663 1084 3706 a
1120 3642 1288 3708 bello
1323 3643 1713 3710 Numantino
1750 3644 2051 3730 Scipione
2094 3643 2357 3726 eiusque
2400 3639 2630 3706 amicis

524 3745 1021 3812 familiarissime
1075 3765 1228 3810 usus
1280 3751 1437 3810 erat.
1527 3744 1715 3824 Quod
1758 3752 1973 3812 autem
2014 3766 2133 3812 sua
2177 3745 2388 3832 ipsum
2430 3761 2627 3808 manu

527 3848 830 3914 Nasicam
888 3847 1250 3914 Gracchum
1309 3847 1703 3930 percussisse
1764 3847 2107 3914 memoriae
2165 3846 2431 3913 tradidit
2470 3844 2627 3910 Dio-

700 4087 745 4156 ¹)
783 4086 870 4140 ed.
905 4085 1040 4141 Keil.
1074 4103 1128 4155 p.
1165 4085 1288 4150 240,
1323 4087 1440 4150 196,
1478 4085 1599 4152 202,
1636 4085 1753 4148 223.

700 4169 744 4240 ²)
781 4172 848 4228 ct’.
883 4170 1078 4228 Athen.
1115 4169 1209 4238 IV,
1243 4171 1327 4226 66.
