3117 4925
1499 401 1586 465 34

489 602 547 667 si
591 622 702 669 eas
749 610 812 669 et
866 624 948 669 ex
1001 610 1181 689 patre
1233 591 1585 688 amicisque
1640 606 1837 671 aetati
1892 626 2047 671 suae
2098 605 2482 689 supparibus
2534 610 2598 669 et

487 728 570 771 ex
597 706 850 773 illorum
877 714 1233 791 temporum
1261 709 1673 786 orationibuS,
1712 728 1876 791 quae
1909 708 2219 793 plurimae
2239 706 2597 788 exstabant,

487 816 846 895 compertas
890 808 1125 875 habere
1169 816 1434 895 poterat.

658 912 884 993 Itaque
927 912 998 975 L.
1046 911 1337 976 Cassium
1384 911 1670 996 appellat
1718 912 1851 994 (IV,
1891 912 1994 995 35,
2032 912 2145 995 47)
2204 910 2599 995 quaestionis

488 1014 850 1099 praesidem
893 1014 1058 1089 eius,
1129 1014 1382 1097 opinor,
1441 1034 1605 1097 quae
1660 1012 1988 1096 rogatione
2034 1013 2371 1095 lJeducaea
2428 1034 2597 1079 anno

487 1100 577 1209 ‘13—14-2-
622 1114 702 1181 de
755 1115 1109 1200 virginibus
1154 1116 1520 1182 Vestalibus
1574 1116 1866 1181 instituta
1911 1122 2035 1199 est;
2099 1116 2272 1201 apud
2327 1116 2601 1181 eundem

489 1221 560 1285 L.
593 1220 859 1285 Crassus
895 1239 1011 1304 pro
1028 1218 1277 1284 Licinia
1300 1218 1370 1301 ¹),
1405 1239 1521 1303 pro
1559 1238 1629 1283 se
1664 1218 1882 1303 paullo
1918 1224 2062 1302 post
2095 1218 2179 1282 M.
2212 1220 2525 1285 Antonius
2546 1221 2597 1302 ²)

488 1342 754 1387 causam
818 1316 1082 1386 dixisse
1122 1321 1486 1400 traduntur,
1562 1338 1829 1401 quorum
1892 1320 2218 1402 utriusque
2282 1322 2598 1387 orationes

488 1421 864 1489 Cornificius
911 1423 1225 1488 lectitavit
1271 1422 1380 1504 (cf.
1417 1422 1526 1504 IV,
1566 1426 1624 1503 τ’),
1668 1424 1705 1486 7
1743 1430 1807 1486 61
1842 1442 1903 1506 p.
1951 1423 2069 1505 15).
2151 1424 2393 1489 Eodem
2438 1425 2597 1489 refe-

488 1524 688 1590 renda
717 1524 1034 1607 videntur,
1072 1544 1238 1607 quae
1267 1525 1348 1589 de
1375 1544 1450 1588 eo
1479 1524 1983 1590 ratiocinationis
2012 1524 2377 1591 discrimine
2395 1526 2599 1591 fusius

487 1626 762 1711 disserit,
791 1627 963 1709 quod
989 1627 1154 1692 inter
1177 1627 1452 1692 feminas
1481 1626 1777 1708 virosque
1804 1628 2159 1693 intercedat
2178 1628 2310 1711 (IV,
2342 1631 2438 1713 16,
2459 1629 2596 1712 23):

489 1750 634 1795 cum
679 1730 836 1795 satis
883 1736 1127 1796 constet
1169 1731 1510 1796 nonnullos
1555 1730 1750 1795 etiam
1796 1729 2040 1813 equites
2077 1733 2449 1811 quaestione
2484 1733 2599 1799 illa

485 1833 824 1899 damnatos
869 1854 1028 1899 esse.
1051 1834 1104 1916 ³)
1195 1833 1411 1912 Quid?
1464 1831 1637 1913 quod
1680 1832 1907 1897 eadem
1952 1833 2019 1897 in
2065 1835 2435 1914 quaestione
2481 1858 2597 1921 pro

487 1937 625 2001 Ser.
663 1936 891 2001 Fulvio
938 1936 1018 2001 de
1061 1937 1307 2001 incestu
1352 1935 1603 2000 videtur
1636 1933 1863 2000 habita
1897 1956 2038 2001 esse
2076 1938 2279 2001 oratio
2318 1937 2387 2003 G.
2428 1937 2594 2005 Scri-

485 2040 661 2106 bonii
699 2040 1010 2120 CurioniS,
1057 2060 1139 2103 ex
1183 2058 1312 2119 qua
1349 2037 1723 2101 Cornificius
1763 2057 1954 2102 unum
1994 2046 2161 2103 certe
2200 2041 2599 2105 enuntiatum

487 2141 608 2206 hoc
653 2140 964 2205 desumsit
1009 2139 1117 2221 (II,
1158 2140 1259 2221 20,
1301 2138 1441 2219 33):

656 2277 897 2351 „Nemo
931 2290 1128 2367 potest
1169 2302 1289 2341 ‘emo
1333 2289 1573 2365 aspectu
1616 2302 1800 2365 neque
1835 2284 2204 2365 praeteriens
2238 2285 2305 2345 in
2338 2304 2603 2346 amorem

658 2384 935 2446 incidere.
949 2379 1006 2466 4)

658 2518 868 2585 Simili
903 2519 984 2584 de
1019 2519 1194 2584 fonte
1229 2519 1492 2603 petiisse
1517 2519 1769 2585 videtur
1794 2539 1891 2601 ea,
1930 2539 2093 2601 quae
2126 2519 2209 2586 de
2237 2519 2597 2586 defectione

487 2623 1013 2706 Fregellanorum
1057 2628 1507 2687 commemorat
1543 2621 1833 2707 pluribus
1872 2621 2049 2688 locis.
2123 2623 2411 2689 Fuerunt
2446 2625 2600 2692 Fre-

487 2725 698 2810 gellae
726 2725 873 2789 urbs
902 2725 1132 2789 Italiae
1151 2723 1598 2789 florentissima
1628 2732 1690 2788 et
1720 2724 2068 2790 secundum
2099 2725 2311 2808 ipsam
2328 2728 2600 2792 Romam

490 2827 680 2893 facile
715 2825 942 2892 incolis
977 2824 1518 2906 frequentissima3
1559 2825 1731 2907 quod
1758 2834 1821 2890 61
1848 2824 1999 2890 111(16
2029 2827 2384 2910 collegeris,
2423 2829 2596 2910 quod

490 2931 560 2996 O.
596 2927 880 3052 §Claudio
934 2925 1238 3007 Pulchro,
1303 2927 1401 2992 Ti.
1450 2925 1827 3010 Sempronio
1876 2928 2169 2994 Graccho
2224 2931 2597 2997 consulibus

373 3113 380 3130 ¹
490 3016 638 3113 (a.⁵
597 3015 702 3119 s},
751 3049 894 3094 cum
939 3030 1292 3114 legationes
1337 3031 1654 3096 sociorum
1692 3031 1967 3096 nominis
2006 3031 2222 3096 Latini
2260 3033 2328 3096 in
2376 3041 2603 3100 senatu

489 3134 780 3197 Romano
820 3133 992 3198 cives
1030 3153 1179 3198 suos
1215 3134 1460 3200 Romae
1497 3153 1723 3198 censos
1758 3133 2095 3219 plerosque
2123 3135 2396 3200 Romam
2432 3157 2599 3201 com-

492 3234 804 3318 migrasse
847 3242 1277 3317 quererentur,
1327 3235 1649 3301 Samnites·
1690 3234 1965 3300 invicem
2001 3236 2416 3319 Paelignique
2454 3259 2600 3305 con-

490 3337 700 3420 questi
753 3344 929 3421 sunt,
993 3337 1200 3402 millia
1250 3343 1549 3419 quattuor
1604 3337 1993 3403 familiarum
2044 3341 2351 3406 transisse
2406 3342 2489 3406 ab
2534 3363 2603 3407 se

489 3440 840 3524 FregellaS,
863 3439 912 3523 ὅ)
978 3446 1041 3504 61
1085 3439 1235 3504 inde
1279 3438 1451 3521 quod
1497 3441 1767 3524 scriptor
1809 3442 2031 3507 urbem
2076 3443 2243 3508 inter
2285 3445 2602 3510 maximas

489 3550 775 3610 veterum
819 3544 1195 3630 populorum
1243 3542 1432 3608 urbes
1477 3563 1516 3606 a
1551 3543 1859 3624 Romanis
1896 3543 2142 3609 dirutas
2176 3545 2387 3628 refert,
2436 3548 2600 3612 Kar-

665 3781 708 3845 1)
748 3780 855 3835 Cic.
891 3780 1041 3833 Brut.
1077 3781 1166 3844 43,
1205 3780 1317 3834 160.

667 3861 712 3932 ⁸)
749 3865 870 3920 Val.
907 3865 1044 3919 Max.
1081 3865 1177 3930 111,
1215 3867 1264 3929 7,
1301 3866 1350 3918 9.
1422 3863 1467 3934 ⁸)
1507 3866 1698 3920 Ascon.
1734 3881 1785 3933 p.
1822 3866 1905 3920 46.

664 3948 711 4017 ⁴)
749 3950 815 4003 cf.
846 3951 954 4034 Cic.
991 3949 1056 4004 de
1093 3951 1198 4006 inv.
1233 3951 1282 4014 Ι,
1308 3953 1394 4016 43,
1422 3953 1512 4007 80:
1547 3954 1645 4005 aut
1678 3951 1727 4004 si
1761 3952 1835 4017 id,
1870 3952 2011 4021 quod
2044 3969 2161 4006 raro
2196 3954 2277 4018 fit,
2313 3954 2428 4008 fieri
2463 3971 2603 4009 com-

490 4034 617 4088 nino
663 4038 916 4104 negetur,
967 4039 1032 4089 ut
1066 4036 1225 4090 Curio
1272 4054 1367 4105 pro
1404 4036 1617 4090 Fulvio:
1671 4036 1841 4091 Nemo
1884 4040 2063 4106 potest
2098 4055 2143 4094 6.
2180 4056 2230 4107 q.
2268 4057 2309 4095 S.
2347 4069 2415 4077 -—
2449 4039 2602 4096 Brut.

489 4120 578 4185 32'
617 4121 731 4275 12⁶3
747 4206 860 4262 Liv.
897 4207 1034 4272 XLI,
1072 4207 1119 4260 8.
