3117 4925
1471 373 1515 440 4

452 577 773 646 medicina
836 575 1128 643 adhibita
1184 577 1309 643 nisi
1361 576 1610 644 duobus
1662 577 1872 645 verbis
1936 581 2238 664 „quodam
2283 580 2374 640 ἰῶ(
2429 573 2546 658 (sic

456 678 659 747 codex
695 679 970 766 optimus
1006 700 1049 763 p
1085 679 1127 745 i.
1166 701 1219 746 e.
1258 680 1588 746 Parisinus
1636 681 1828 774 7714,
1868 683 2215 768 „quondam
2247 683 2343 742 is“
2387 677 2543 743 alia-

460 801 583 864 que
626 779 971 847 deteriores
1016 780 1162 846 libri
1206 782 1444 866 scripta
1480 781 1741 864 habent)
1787 781 1854 847 in
1891 801 2085 846 unum
2129 783 2546 868 „quodannis“

453 883 793 950 eontraetis
838 883 1216 950 sententiam
1261 883 1543 950 effecerit
1587 891 1651 949 et
1695 881 1780 948 ad
1815 902 2022 948 rerum
2058 889 2380 966 gestarum
2417 901 2542 944 me·
2638 935 2642 939 .

452 986 719 1052 moriam
756 985 1160 1058 sanissimam
1197 992 1259 1051 ct
1296 985 1381 1050 ad
1418 992 1766 1068 ceterorum
1796 985 2230 1070 exemplorum
2258 990 2545 1067 tempora

366 1145 375 1154 .
456 1085 1202 1154 accommodatissimam.
1250 1085 1477 1153 Tradit
1504 1088 1674 1153 enim
1700 1087 1924 1153 eadem
1955 1086 2350 1169 Cornificius,
2382 1104 2544 1167 quae

452 1211 488 1256 c
524 1209 731 1257 rerum
768 1189 1179 1275 scriptoribus
1214 1210 1400 1256 nemo
1436 1210 1563 1256 non
1608 1191 1861 1275 penitus
1897 1189 2206 1274 pernovit,
2255 1186 2544 1268 Marium,

452 1311 595 1358 cum
656 1291 1098 1358 auctoritatem
1154 1291 1278 1356 sibi
1332 1299 1792 1378 comparasset,
1856 1292 2130 1376 primum
2185 1289 2542 1373 quotannis,

450 1393 491 1460 i.
531 1414 586 1460 e.
623 1400 766 1479 post
812 1394 1211 1460 consulatum
1254 1395 1408 1460 anni
1442 1380 1530 1439 6-4]-
1567 1395 1715 1461 inde
1759 1396 1840 1460 ab
1885 1414 2054 1460 anno
2091 1376 2177 1486 {⁸}
2215 1411 2414 1474 usque
2462 1389 2546 1455 ad

451 1515 687 1562 annum
724 1479 829 1586 ξξ-ξ,
869 1497 1191 1562 consulem
1218 1447 1644 1577 factummesse,
1685 1495 1913 1563 deinde
1950 1515 2151 1578 usque
2187 1495 2268 1562 ad
2309 1514 2546 1558 annum

451 1582 555 1689 ἓξ,
604 1595 755 1663 dum
793 1597 869 1676 Q.
909 1598 1229 1665 Caecilius
1266 1598 1557 1664 Metellus
1595 1598 1971 1664 Numidicus
2015 1599 2083 1663 in
2127 1597 2320 1664 exilio
2357 1604 2543 1679 esset,

450 1701 728 1786 primum
763 1700 1054 1766 habitum
1092 1701 1387 1784 civitatis,
1435 1707 1590 1784 tum,
1628 1722 1706 1766 ne
1744 1701 2112 1766 redeuntem
2147 1699 2390 1766 videret
2427 1699 2542 1762 ini-

454 1802 717 1886 micum,
784 1803 849 1867 in
895 1801 1145 1884 Asiam,
1192 1801 1233 1866 i.
1273 1823 1325 1868 e.
1366 1801 1842 1886 Cappadociam
1887 1803 2336 1884 Ciliciamque,
2393 1801 2546 1867 belli

452 1903 873 1970 Mithridatici
917 1903 1214 1970 movendi
1250 1924 1444 1970 causa
1479 1905 1915 1989 profectum,¹)
1961 1911 2107 1990 post
2141 1905 2212 1970 L.
2252 1903 2546 1970 Cornelio

445 2005 626 2071 Sulla
655 2005 730 2083 Q.
754 2006 1057 2091 Pompeio
1092 2005 1256 2071 Rufo
1287 2007 1653 2072 consulibus
1682 2007 1872 2072 simul
1901 2027 2042 2072 eum
2071 2006 2263 2072 sociis
2298 2006 2546 2071 hostem

442 2107 689 2192 patriae
760 2104 1134 2190 iudicatum,
1226 2106 1498 2190 denique
1571 2109 1778 2174 Cinna
1851 2109 2108 2174 consule
2181 2114 2548 2174 revocatum

444 2201 806 2282 „avercitum
846 2213 1129 2274 invenisse
1173 2213 1630 2297 imperatmem“
1649 2209 1698 2292 ²)
1745 2210 2206 2293 septimumque
2243 2207 2546 2292 adeptum

450 2329 594 2376 esse
639 2309 1119 2393 consulatum.³)
1210 2309 1395 2389 Quod
1438 2311 1495 2376 si
1539 2311 1664 2377 huc
1709 2311 1974 2394 aceedit,
2020 2315 2091 2375 ut
2135 2311 2374 2375 similes
2418 2309 2542 2374 for-

380 2437 385 2442 ·
450 2417 643 2477 tunae
688 2411 1017 2479 Marianae
1061 2411 1574 2481 vicissitudinum
1630 2414 1804 2499 apud
1855 2412 2161 2500 plurimos
2207 2411 2545 2497 scriptores

447 2512 855 2579 inveniantur
898 2515 1430 2581 enumerationes:
1453 2518 1505 2595 ⁴¹)
1571 2518 1712 2595 quis
1769 2524 1866 2583 est
1909 2516 2020 2596 qui
2063 2513 2336 2595 dubitet,
2395 2514 2549 2595 quin

448 2615 801 2681 rectissime
860 2614 1029 2681 hunc
1083 2614 1315 2680 locum.
1354 2614 1664 2681 Iordanus
1727 2623 1790 2682 et
1863 2615 2188 2682 sanaverit
2242 2621 2305 2681 et
2356 2615 2545 2681 inter-

448 2720 735 2800 pretatus
782 2716 907 2780 sit?
979 2714 1161 2793 Quae
1206 2735 1350 2781 cum
1393 2716 1484 2782 ita
1521 2716 1649 2782 sint
1686 2736 1952 2801 cumque
1989 2718 2228 2807 Marius
2265 2724 2548 2783 mortuus

450 2816 580 2883 dici
614 2816 925 2899 videatur,
963 2824 1213 2885 constat
1250 2825 1541 2901 quartum
1581 2818 1811 2883 librum
1847 2827 1992 2902 post
2027 2820 2177 2885 Idus
2215 2820 2547 2885 Ianuarias

451 2920 605 2985 anni
638 2904 743 3009 93⁶2,
801 2938 926 3003 quo
972 2920 1075 2987 die
1111 2921 1244 2986 vita
1281 2921 1553 2987 decessit
1587 2921 1844 3005 MariuS,
1885 2921 1970 2987 ad
2005 2923 2374 2988 umbilicum
2410 2942 2548 2988 esse

451 3020 841 3107 perductum.

626 3174 943 3254 Quoniam
990 3176 1188 3260 igitur
1242 3182 1385 3263 post
1440 3178 1630 3243 Marii
1683 3186 1949 3243 mortem
2003 3178 2356 3263 composita
2408 3196 2548 3241 esse

451 3276 792 3350 Rhetorica
830 3277 1263 3363 ostendimus,
1330 3278 1462 3345 iam
1516 3286 1665 3345 ante
1721 3279 1892 3362 quod
1947 3286 2198 3365 tempus
2261 3278 2548 3345 confecta

454 3378 601 3462 sint,
646 3376 998 3445 videamus.
1070 3380 1357 3465 Apparet
1394 3380 1564 3447 enim
1600 3382 1805 3467 legem
1843 3383 2188 3449 Domitiam
2225 3380 2304 3447 de
2341 3400 2546 3447 sacer-

455 3478 647 3547 dotiis
692 3500 860 3546 anno
904 3464 990 3571 (ἐξ
1027 3500 1069 3545 a
1112 3482 1224 3549 Cn.
1266 3482 1546 3571 Domitio
1583 3483 2005 3551 Ahenobarbo
2052 3484 2300 3549 tribuno
2345 3482 2548 3570 plebis

452 3696 863 3706 u—---—-—--—-—0

548 3786 558 3815 l
1904 3814 1908 3820 .

630 3840 673 3907 ¹)
709 3838 853 3894 Plut.
890 3838 1024 3895 Mar.
1060 3838 1151 3902 31;
1188 3840 1296 3894 Cic.
1334 3855 1418 3908 ap.
1457 3840 1524 3893 ad
1561 3839 1708 3896 Brut.
1747 3840 1792 3905 I,
1828 3842 1878 3905 5,
1898 3842 1946 3894 3.

628 3922 673 3989 ²)
709 3922 849 3977 Flor.
885 3922 983 3989 111,
1018 3923 1103 3990 21,
1143 3924 1221 3980 11.

631 4007 675 4077 ³)
712 4008 897 4065 Claud.
934 4008 1188 4078 Quadrig.
1227 4026 1311 4081 ap.
1351 4010 1588 4065 Gellium
1624 4010 1690 4076 X,
1731 4011 1773 4074 1,
1810 4012 1844 4065 3
1879 4012 1989 4083 alii.

626 4092 671 4159 ⁴)
707 4092 1145 4158 Diodxmvss,
1173 4094 1240 4149 40
1260 4094 1349 4163 (V.
1367 4110 1489 4164 pag.
1512 4096 1665 4164 402„
1701 4094 1847 4151 Plut.
1868 4096 2037 4152 Flam.
2057 4096 2149 4159 21;
2185 4094 2301 4150 Val.
2322 4096 2444 4149 Max
2462 4093 2552 4159 VI,

452 4178 507 4244 9,
548 4178 634 4242 14;
670 4178 848 4237 aurel.
886 4178 1022 4235 viat„
1060 4180 1143 4242 σο.
1841 4170 1846 4176 ’
