3117 4925
1499 373 1586 438 50

486 572 851 638 summatim
918 594 1045 640 non
1118 576 1324 642 minus
1386 578 1606 644 decem
1669 579 1872 644 millia
1931 579 2126 646 fuisse
2189 584 2581 666 captivorum

487 682 952 741 commemorat.

652 777 972 864 Deinceps
1016 780 1355 847 videndum
1400 789 1495 848 est
1548 784 1628 849 de
1673 784 2000 869 Appiam,
2061 809 2102 851 a
2147 809 2272 870 quo
2315 789 2408 853 ita
2454 790 2577 854 sin-

482 880 675 963 gulae
700 900 801 947 res
830 889 1219 967 enarrantur,
1260 892 1345 968 ut,
1386 887 1677 968 quamvis
1708 907 1787 951 ex
1816 895 1998 972 parte
2018 889 2328 975 differant,
2368 897 2582 956 tamen

482 983 1013 1051 necessitudinem
1052 987 1373 1070 quandam
1409 989 1576 1054 inter
1592 989 1950 1074 Appianum
1974 991 2351 1077 Liviumque
2386 997 2578 1060 inter-

481 1086 703 1152 cedere
745 1089 982 1153 nemini
1024 1110 1149 1154 non
1193 1092 1397 1172 primo
1434 1097 1693 1176 aspectu
1731 1093 2130 1177 perspicuum
2175 1095 2274 1159 sit.
2351 1097 2578 1160 Tradit

480 1190 651 1254 enim
694 1190 879 1256 haec:

744 1309 795 1391 1)
814 1303 996 1375 Ἐπεὶ
1035 1309 1109 1376 δὲ
1146 1306 1389 1376 ἔπεσον
1427 1307 1640 1377 αὐτῶν
1659 1310 2062 1402 (Ρωμαίων)
2100 1313 2165 1382 οἱ
2195 1317 2577 1404 στρατηγοὶ,

651 1409 765 1476 διὰ
807 1411 1031 1495 μέσων
1070 1409 1465 1496 βιαζόμενοτ
1510 1416 1641 1479 τῶν
1697 1415 1953 1500 ἐχθρῶν
1995 1414 2180 1499 μάλα
2224 1421 2573 1504 καρτερῶς,

650 1515 821 1579 κατὰ
852 1513 1023 1602 μέρη
1062 1515 1432 1604 διέφευγον·
1472 1512 1535 1580 οἱ
1571 1517 1710 1600 μὲν,
1751 1514 2052 1607 ἔνθαπερ
2093 1516 2152 1584 οἳ
2193 1519 2324 1605 πρὸ
2364 1517 2578 1586 αύτῶν

648 1615 1127 1704 ἐπεφεύγεσαν,
1210 1616 1280 1695 ἐς
1350 1616 1433 1683 τὰ
1495 1617 1952 1707 στρατόπεδα,
2035 1619 2154 1688 δύο
2219 1615 2400 1688 ὄντα·
2466 1622 2580 1688 καὶ

648 1715 1027 1804 σύμπαντες
1098 1716 1241 1786 οἵδε
1314 1719 1608 1804 ἐγένοντο
1674 1715 1852 1809 ἀμφὶ
1913 1724 2070 1802 τοὺς
2129 1723 2406 1812 μυρίους
2467 1726 2580 1791 καὶ

644 1819 1235 1904 πεντακισχιλίους,
1284 1814 1388 1902 οἷς
1432 1821 1468 1888 ὃ
1506 1817 1810 1907 Ἀννίβας
1855 1825 2150 1916 φυλακὴν
2195 1827 2575 1914 ἐπέστησεν.

644 1921 709 1990 οἱ
748 1921 878 2004 δ’ἔς
896 1923 1183 2004 Κάννας,
1224 1925 1380 2010 περὶ
1418 1923 1798 2007 δισχιλίους·
1838 1927 1950 1993 καὶ
1986 1927 2385 2014 παρέδωκαν
2425 1927 2576 1997 ἑαυ-

642 2029 796 2105 τοὺς
840 2025 980 2094 οἵδε
1026 2025 1090 2093 οἱ
1137 2027 1453 2110 δισχίλιοι
1500 2032 1594 2116 τῷ
1641 2024 1930 2118 Ἀννίβᾳ·
1989 2026 2202 2118 ὀλίγοι
2254 2029 2384 2110 δ’ἕς
2428 2041 2577 2099 Κα-

642 2125 867 2196 νύσιον
914 2131 1293 2220 διέδρασαν.

737 2253 789 2336 ²)
842 2251 991 2316 Τιῦν
1043 2250 1116 2318 δὲ
1162 2248 1502 2338 φυγόντων
1548 2251 1621 2317 ἐκ
1663 2255 1774 2341 τῆς
1816 2249 2030 2340 μάχης
2075 2251 2140 2318 οἱ
2183 2253 2303 2339 μὲν
2359 2253 2426 2321 ἐν
2471 2256 2568 2339 τῷ

638 2350 892 2437 μείζονι
942 2355 1375 2443 στρατοπέδῳ
1422 2354 1782 2443 στρατηγὸν
1827 2353 2040 2422 αὐτῶν
2087 2353 2374 2441 ἑσπέρας
2419 2351 2571 2421 ἑλό-

638 2482 827 2541 μενοι
854 2452 1209 2525 Πούπλιον
1230 2456 1665 2543 Σεμπριίνιον
1700 2454 2055 2543 ἐβιάσαντο
2095 2460 2248 2539 τοὺς
2276 2452 2578 2542 Ἀννίβου

642 2557 945 2649 φύλακας
1006 2560 1217 2628 ἶν’πνου
1273 2560 1386 2627 καὶ
1430 2558 1642 2626 κόπου
1689 2558 1966 2647 πλήρεις
2011 2556 2207 2639 ὄντας
2280 2560 2391 2627 καὶ
2437 2562 2576 2627 διέ-

640 2666 895 2752 δραμον
938 2664 1009 2743 ἐς
1054 2661 1391 2731 Κανύσιον
1436 2664 1590 2748 περὶ
1632 2664 1844 2747 μέσας
1886 2660 2144 2743 νύκτας,
2194 2660 2371 2750 ἀμφὶ
2416 2663 2576 2741 τούς

632 2765 925 2852 μυρίους·
974 2762 1038 2832 οἱ
1084 2763 1141 2831 δ’
1176 2765 1245 2831 ἐν
1277 2768 1373 2850 τῷ
1406 2764 1804 2851 βραχυτέρῳ,
1854 2764 2396 2845 πεντακισχίλιοι,
2447 2768 2570 2851 τῆς

632 2864 961 2955 ’ἐπιούσης
1006 2862 1259 2957 ἡμέρας
1304 2864 1704 2955 ἐλήφθησαν
1746 2865 1879 2933 ὑπὸ
1927 2868 2050 2933 τοῦ
2081 2863 2394 2950 Ἀννίβου.

634 3012 939 3095 Apertum
986 3015 1081 3075 est
1124 3009 1285 3074 haec
1321 3015 1383 3073 et
1416 3014 1619 3074 totum
1657 3008 1902 3073 caelum
1940 3006 2179 3072 distare
2216 3029 2257 3072 a
2292 3007 2564 3091 Polybio

466 3118 529 3178 et
572 3112 857 3196 proxime
903 3110 1207 3177 accedere
1244 3111 1329 3175 ad
1363 3112 1634 3176 Livium.
1709 3110 2020 3175 Convenit
2056 3110 2226 3175 enim
2263 3110 2427 3175 inter
2463 3130 2570 3175 eos

464 3223 529 3280 et
571 3215 651 3279 de
695 3214 1025 3299 tripartitis
1067 3213 1352 3297 fugitivis
1397 3221 1460 3279 et
1504 3214 1584 3278 de
1642 3213 1807 3278 binis
1863 3213 2088 3277 castris
2134 3214 2462 3296 occupatis
2507 3221 2570 3279 ct

464 3316 543 3383 de
578 3316 831 3382 nomine
862 3317 927 3380 P.
953 3315 1308 3401 Sempronii
1330 3316 1653 3381 Tuditani.
1725 3314 1874 3379 Alia
1909 3316 2194 3400 paullum
2232 3315 2568 3381 immutata

463 3427 527 3486 et
570 3419 824 3484 omnino
870 3418 1179 3484 eiusmodi
1224 3424 1386 3501 sunt,
1432 3440 1557 3483 non
1606 3426 1674 3482 ut
1720 3418 2100 3501 transcripta
2136 3439 2171 3483 e
2207 3418 2404 3501 Livio,
2453 3418 2566 3482 sed

462 3523 595 3588 alia
640 3543 767 3607 qua
811 3523 1055 3589 ratione
1102 3540 1242 3585 cum
1293 3542 1368 3586 eo
1415 3522 1754 3587 cohaerere
1801 3521 2154 3586 videantur.
2247 3520 2559 3601 Quinque,

461 3645 588 3691 non
615 3634 858 3711 septem
886 3623 1087 3689 millia
1116 3624 1439 3689 hominum
1469 3624 1715 3689 minora
1747 3631 1956 3689 castra
1991 3628 2303 3705 occupata
2330 3628 2560 3704 tenent,

460 3728 569 3812 qui
614 3748 832 3793 omnes
880 3726 962 3791 ad
1007 3748 1201 3792 unum
1246 3733 1501 3812 postero
1538 3727 1644 3791 die
1681 3728 1764 3792 ab
1800 3726 2160 3791 Hannibale
2199 3724 2558 3809 capiuntur3

458 3831 529 3895 P.
570 3830 979 3916 Sempronius
1026 3850 1213 3915 quem
1258 3830 1343 3894 ad
1388 3830 1642 3896 modum
1689 3850 1830 3895 cum
1878 3848 2066 3893 manu
2114 3848 2230 3895 sua
2275 3849 2314 3892 a
2360 3827 2558 3891 mino-

459 3933 633 3998 ribus
678 3934 903 4001 castris
949 3935 1013 3999 in
1059 3934 1305 3999 maiora
1341 3933 1714 4018 pervenerit,
1761 3938 2036 4015 tacetur;
2085 3938 2298 3997 tamen
2334 3929 2558 3995 eodem

458 4034 619 4102 duce
666 4057 789 4121 quo
835 4038 1006 4124 apud
1050 4037 1303 4101 Livium
1349 4035 1456 4121 qui
1508 4036 1576 4099 in
1621 4034 1966 4099 maioribus
2004 4034 2227 4098 castris
2263 4038 2410 4098 sunt
2448 4052 2558 4114 per

630 4208 670 4277 ¹)
704 4208 755 4261 b.
791 4208 961 4261 Hann.
1002 4206 1083 4259 24.
1155 4203 1196 4275 ²)
1231 4206 1294 4260 lc.
1334 4205 1415 4261 26.
