3117 4925
1517 377 1599 441 16

506 599 634 660 quo
663 586 1002 645 accusatus
1029 579 1219 645 facile
1245 580 1440 645 etiam
1468 602 1508 647 a
1537 583 1799 649 consule
1830 582 2059 649 Crasso
2088 591 2302 667 posset
2329 566 2613 649 defendi,

511 682 762 747 Etenim
807 682 864 747 si
907 682 1178 751 Crassus
1219 684 1426 764 illum,
1483 684 1565 750 de
1610 706 1735 767 quo
1780 686 2016 769 agitur,
2074 706 2199 751 non
2246 685 2409 749 hunc
2455 686 2608 751 anni

509 768 598 874 {53}
633 792 1051 867 quaestorem,
1092 787 1315 851 consul
1350 787 1416 850 in
1453 787 1743 863 Norbani
1778 807 1975 853 causa
2010 786 2353 866 laudasset,
2393 796 2607 853 nostro

509 887 646 953 iure
707 887 1106 970 miraremur,
1171 907 1367 969 quare
1422 888 1645 955 Cicero
1708 909 1849 953 cum
1904 890 2169 955 Antonii
2214 889 2608 973 Sulpiciique

509 989 832 1055 orationes
901 990 1075 1073 ipsos
1138 988 1438 1055 Crassum
1501 992 1973 1074 Antoniumque
2044 1002 2611 1057 commemorantes

511 1092 1082 1176 praedicantesque
1161 1092 1546 1176 induxisset,
1635 1094 1834 1179 ipsius
1898 1093 2114 1161 Crassi
2174 1095 2481 1161 orationis
2544 1096 2611 1159 in

512 1196 736 1261 eadem
763 1212 959 1261 causa
987 1195 1246 1260 habitae
1273 1216 1354 1261 ne
1364 1196 1567 1261 'verbo
1597 1195 1853 1277 quidem
1882 1198 2267 1263 mentionem
2286 1199 2543 1263 faceret.
2561 1202 2608 1277 ¹)

514 1297 786 1364 Omnino
833 1304 1044 1363 autem
1088 1300 1516 1364 Mommsenus
1563 1298 1641 1365 de
1688 1300 2058 1382 quaestione
2104 1299 2218 1365 illa
2262 1301 2613 1367 extraordi-

511 1401 698 1465 naria
741 1401 1035 1467 subtilius
1078 1400 1236 1465 mihi
1279 1402 1528 1466 videtur
1572 1420 1765 1483 quam
1809 1402 2018 1467 verius
2064 1402 2455 1487 disputasse,
2504 1403 2608 1485 qui

513 1504 770 1585 quidem
813 1524 1032 1569 omnes
1076 1505 1248 1569 illius
1293 1505 1597 1587 temporis
1652 1524 1908 1588 causas,
1974 1527 2139 1587 quae
2196 1506 2274 1572 tle
2322 1507 2608 1573 cladibus

514 1604 848 1673 Cimbricis
877 1605 944 1671 in
963 1605 1036 1683 Q.
1059 1604 1446 1690 Caepionem
1475 1608 1588 1673 Cn.
1611 1608 1899 1673 Mallium
1926 1610 2009 1675 M.
2041 1610 2293 1675 Iunium
2322 1609 2608 1675 Silanum

509 1714 696 1773 actae
743 1716 908 1790 sunt,
964 1716 1143 1774 actas
1191 1710 1515 1776 contendit
1569 1732 1648 1775 ex
1693 1732 1821 1779 una
1866 1712 2007 1796 lege
2052 1713 2369 1796 Appuleia
2414 1714 2605 1777 maie-

514 1812 696 1877 statis
758 1832 926 1877 anno
964 1795 1067 1901 ζ’τοὲζ,
1143 1832 1266 1894 quo
1321 1832 1490 1878 anno
1537 1816 1607 1877 L.
1654 1814 2033 1881 Saturninus
2087 1816 2359 1899 priorem
2411 1813 2608 1895 gessit

513 1914 922 1979 tribunatum.
1015 1914 1142 1980 Sed
1188 1936 1579 1999 quamquam
1624 1923 1865 1981 certum
1911 1936 2037 1983 non
2084 1924 2294 1982 exstat
2329 1916 2608 1981 testimo—

513 2018 719 2100 nium,
783 2018 982 2083 altero
1046 2025 1260 2082 tamen
1315 2018 1725 2082 Saturninum
1788 2018 2114 2082 tribunatu
2166 2018 2374 2098 legem
2435 2019 2614 2081 illam

516 2120 735 2185 tulisse
799 2119 945 2185 inde
1009 2120 1370 2203 collegeris,
1433 2117 1629 2201 quod,
1694 2119 1941 2199 quoties
2003 2116 2080 2181 dc
2144 2138 2221 2181 ea
2284 2117 2385 2181 vel
2444 2118 2615 2201 apud

517 2222 886 2287 Ciceronem
906 2224 956 2303 ²)
1003 2223 1107 2285 vel
1161 2220 1333 2303 apud
1377 2220 1785 2285 Cornificium
1830 2220 1906 2302 (Ι,
1949 2220 2047 2300 12,
2086 2220 2196 2301 21;
2240 2220 2322 2300 II,
2366 2220 2465 2299 12,
2511 2218 2613 2299 17)

513 2326 861 2407 quaeritur,
953 2323 1031 2389 de
1112 2323 1382 2387 turbatis
1463 2321 1863 2389 contionibus
1945 2321 2301 2387 tribuniciis
2382 2322 2612 2404 agitur.

511 2428 738 2510 Itaque
801 2428 1072 2514 primum
1130 2424 1410 2490 omnium
1463 2425 1585 2490 hoc
1635 2432 1705 2490 ut
1756 2424 2094 2510 impediret
2149 2425 2281 2489 lata
2326 2445 2466 2489 esse
2513 2424 2615 2488 lex

515 2530 784 2612 videtur,
833 2552 961 2596 non
1005 2531 1072 2594 in
1117 2549 1226 2594 cos
1272 2528 1382 2608 qui
1428 2529 1595 2594 bello
1636 2529 1952 2595 Cimbrico
1997 2527 2287 2593 cladibus
2333 2529 2616 2611 acceptis
2676 2581 2681 2586 .

514 2635 914 2700 maiestatem
951 2632 1174 2716 populi
1193 2631 1467 2695 Romani
1502 2632 1897 2697 minuissent.
1942 2631 2139 2712 Atqui
2174 2631 2239 2694 in
2268 2631 2616 2712 posteriore

518 2735 848 2802 Saturnini
893 2734 1216 2798 tribunatu
1271 2752 1729 2816 saepenumero
1776 2754 1815 2796 a
1862 2732 2291 2813 Caepionibus
2346 2732 2617 2812 aliisque
2704 2813 2709 2818 θ

515 2841 822 2905 minuta-m
879 2835 1255 2901 tribuniciae
1311 2834 1649 2919 potestatis
1702 2835 2101 2900 maiestatem
2158 2854 2365 2900 rerum
2420 2835 2617 2918 scrip-

515 2950 684 3006 tores
730 2959 854 3004 uno
901 2957 1007 3002 orc
1053 2937 1476 3019 consentiunt,
1523 2957 1671 3002 cum
1714 2936 1782 3001 in
1827 2936 2035 3021 priore
2082 2936 2211 3002 tale
2257 2937 2412 3018 quid
2450 2938 2615 3002 acci-

519 3042 687 3106 disse
717 3041 972 3106 omnino
1002 3040 1386 3124 ignoremus
1433 3038 1716 3121 Accedit,
1747 3039 1917 3123 quod
1942 3047 2005 3105 et
2039 3059 2235 3105 causa
2256 3041 2617 3123 Caepionis,

517 3165 644 3210 non
690 3143 802 3209 Cn.
850 3143 1056 3207 Mallii
1099 3142 1384 3222 Maximi,
1432 3142 1544 3223 qui
1590 3142 1659 3205 L.
1700 3141 2029 3206 Saturnini
2076 3143 2405 3223 rogatione
2452 3161 2620 3206 anno

516 3231 604 3336 ’,ξᾷ-
650 3267 685 3311 e
739 3246 998 3312 civitate
1043 3246 1284 3311 eiectus
1329 3252 1424 3310 est
1442 3244 1524 3328 ⁸),
1590 3243 1799 3328 priore
1856 3264 2105 3326 semper
2152 3243 2290 3308 loco
2346 3263 2617 3309 comme-

517 3353 802 3414 moratur
817 3349 868 3431 4)
915 3356 982 3414 et
1021 3349 1250 3414 similis
1297 3367 1493 3414 causa
1538 3346 1747 3412 Silani
1787 3368 1830 3413 a
1876 3345 1991 3410 Cn.
2038 3345 2321 3412 Domitio
2367 3346 2619 3412 tribuno

525 3452 818 3518 arcessiti
861 3451 1211 3518 certissime
1256 3451 1386 3516 iam
1429 3469 1598 3516 anno
1632 3433 1719 3540 (15-ξὲ-
1754 3457 1901 3514 acta
1947 3455 2061 3514 est.

690 3555 924 3620 Tribus
979 3555 1175 3638 igitur
1218 3560 1517 3618 vexatum
1569 3552 1859 3618 videmus
1904 3552 2292 3636 Caepionem
2346 3554 2621 3635 rogatio-

521 3657 734 3722 nibus:
813 3676 1080 3739 quarum
1156 3675 1319 3737 quae
1382 3656 1673 3738 exemplo
1727 3653 2148 3721 Cornificiano
2212 3653 2620 3737 significetur,

522 3831 934 3838 -ῄ-..η-φ-οα--κ-

696 3932 737 3996 1)
777 3930 883 3986 Cic.
922 3930 986 3984 de
1023 3946 1094 3985 or.
1131 3929 1199 3992 11,
1236 3930 1318 3992 47,
1357 3929 1470 3982 197.

697 4013 740 4081 ²)
781 4014 889 4069 Cic.
927 4015 993 4068 de
1030 4031 1103 4070 or.
1141 4014 1207 4077 11,
1245 4013 1326 4077 25,
1368 4013 1462 4067 107
1499 4012 1649 4068 alias,

699 4101 741 4166 3)
780 4101 942 4156 Gran.
979 4100 1089 4156 Lic.
1127 4115 1177 4168 p.
1215 4099 1282 4154 21
1320 4099 1398 4153 ed.
1437 4096 1573 4167 phil.
1609 4097 1776 4154 Bonn.
1814 4098 1959 4168 hept.

696 4186 742 4255 ⁴)
781 4187 942 4242 Gran.
979 4186 1088 4240 Lic.
1125 4186 1162 4242 l.
1199 4203 1266 4248 c.;
1302 4185 1410 4242 Cic.
1447 4183 1512 4238 de
1549 4201 1622 4240 or.
1660 4186 1727 4250 11,
1764 4184 1849 4248 28,
1886 4185 2001 4241 125.
