3117 4925
1504 385 1591 450 44

1687 477 1754 484 —e—

493 598 749 658 eonstat
793 593 875 657 ab
921 612 996 657 eo
1042 589 1122 658 de
1169 591 1600 659 coniuratione
1645 591 1993 657 orationem
2039 589 2324 655 habitam
2361 601 2518 654 esse.
2543 589 2594 671 ¹)

496 695 839 760 Praeterea
884 694 1243 781 exemplum
1287 693 1473 776 illud,
1522 716 1646 780 quo
1692 691 2150 780 complexionis
2199 691 2407 776 figura
2449 688 2592 757 mu-

494 801 750 876 stratur‚
788 797 879 861 ita
916 797 1001 861 ad
1037 796 1413 864 sententiam
1435 797 1858 863 Catonianam
1894 791 2439 860 accommodatum
2477 801 2593 877 est,

497 906 566 964 ut
600 897 958 965 Ellendtius
989 899 1453 966 Cornificianae
1488 901 1927 985 exemplorum
1965 898 2229 964 rationis
2266 899 2598 965 immemor

496 1010 731 1068 temere
799 1003 943 1090 ipsa
1012 1003 1339 1088 scriptoris
1401 1002 1598 1068 verba
1659 1003 1726 1066 in
1787 1003 2160 1088 fragmentis
2225 1001 2594 1070 Catonianis

495 1111 798 1171 numeret.
816 1104 866 1189 ²¹)
956 1103 1359 1190 Quamquam
1404 1104 1574 1172 hunc
1627 1106 1758 1171 iam
1803 1105 2130 1190 Kayserus
2177 1111 2238 1171 et
2281 1105 2594 1170 Iordanus

495 1205 861 1290 rectissime,
909 1215 978 1274 ut
1023 1207 1177 1274 mihi
1220 1207 1533 1294 videntur,
1581 1208 1966 1274 refellerant.
2056 1206 2237 1273 Bello
2285 1209 2454 1274 enim
2497 1207 2591 1272 in·
2633 1193 2648 1208 ’

489 1309 668 1376 >dicto
716 1311 956 1376 Punico
1002 1310 1187 1376 tertio
1236 1331 1378 1377 cum
1416 1309 1995 1395 Karthaginienses
2041 1310 2304 1394 triginta
2344 1311 2594 1393 legatos

492 1413 781 1496 Romam,
827 1419 896 1477 ut
932 1413 1057 1479 sibi
1090 1414 1539 1496 ignosceretur,
1590 1413 1932 1495 misissent,
1982 1413 2241 1478 Catonis
2279 1412 2595 1478 sententia

492 1515 753 1598 devicit,
817 1523 886 1582 ut
940 1516 1006 1581 in
1065 1516 1318 1581 decreto
1374 1521 1761 1600 perstaretur
1813 1521 1876 1580 et
1930 1521 1998 1579 ut
2053 1515 2343 1581 consules
2402 1531 2594 1598 quam

491 1616 767 1702 primum
820 1617 905 1681 ad
956 1617 1192 1683 bellum
1236 1618 1802 1702 proficiscerentur.
1894 1615 2118 1700 Neque
2175 1617 2455 1683 alienum
2499 1624 2625 1682 est·

492 1731 638 1784 cum
682 1720 890 1785 verbis
928 1719 1249 1785 Cornificii
1293 1741 1668 1806 comparare
1703 1721 2132 1802 fragmentum
2169 1719 2592 1786 Catonianum

486 1819 630 1903 hoc,
679 1819 847 1904 quod
892 1822 1067 1908 apud
1108 1821 1387 1886 Nonium
1408 1824 1458 1906 3)
1504 1829 1742 1889 exstat:

662 2023 701 2050 ‚,
709 1973 853 2040 Cato
896 1981 961 2040 in
1004 1989 1217 2062 quarto
1248 1978 1594 2063 Oriyinum:
1637 1978 1918 2051 „Deinde
1955 1981 2393 2044 cluoetvicesimo
2437 2001 2594 2041 anno

653 2091 795 2164 post
828 2082 1140 2142 dimissum
1172 2081 1383 2143 bellum
1420 2080 1525 2160 (sc.
1549 2081 1849 2144 Punicum
1874 2082 2194 2168 primum),
2231 2084 2393 2168 quod
2425 2093 2592 2168 quat-

664 2193 797 2244 tuor
847 2193 902 2245 et
954 2185 1164 2268 viqinti
1220 2205 1407 2246 annos
1444 2183 1603 2268 fuit,
1659 2183 2192 2269 Karthayinienses
2243 2197 2470 2248 sextum
2522 2185 2594 2246 de

650 2283 898 2368 foedere
942 2287 1283 2350 ‹lacessere‘a

664 2434 1170 2503 Consentaneum
1202 2442 1412 2504 autem
1442 2444 1537 2504 est
1566 2457 1708 2504 eum
1737 2439 2138 2523 potissimum
2167 2459 2294 2504 non
2323 2437 2589 2504 desiisse

490 2536 827 2621 perfidiam
866 2538 1221 2606 Poenorum
1258 2560 1580 2625 accusare,
1630 2563 1816 2625 quem
1853 2541 2008 2607 dicit
2043 2542 2374 2627 Appianus
2391 2541 2442 2623 4)
2477 2560 2586 2605 ne-

482 2659 643 2723 gare
698 2658 1035 2707 consuesse
1089 2662 1371 2725 unquam
1423 2649 1627 2709 tutam
1679 2645 1816 2709 fore
1859 2646 2164 2709 Romanis
2209 2643 2584 2724 libertatem,

488 2744 858 2827 priusquam
904 2743 1237 2827 Karthago
1284 2744 1536 2811 sublata
1592 2754 1779 2812 esset.
1870 2748 2051 2825 Quae
2105 2767 2249 2812 cum
2301 2746 2395 2810 ita
2440 2746 2585 2827 sint,

487 2846 609 2912 hoc
670 2846 827 2912 mihi
886 2848 1203 2933 persuasi,
1268 2848 1325 2913 si
1386 2868 1770 2931 quemquam
1831 2848 2138 2914 historiae
2191 2848 2582 2933 scriptorem,

490 2950 753 3015 Catonis
793 2948 1085 3035 Origines
1124 2970 1332 3015 rerum
1378 2950 1525 3015 inde
1571 2969 1612 3015 a
1655 2950 1822 3015 bello
1867 2950 2109 3015 Punico
2156 2952 2432 3016 secundo
2479 2970 2587 3034 ge-

485 3059 728 3115 starum
790 3052 1126 3119 Cornificio
1188 3053 1388 3118 fuisse
1450 3052 1694 3118 fontem
1756 3052 2148 3137 primarium,
2212 3052 2584 3135 praesertim

488 3174 634 3228 cum
669 3155 725 3220 is
762 3176 889 3221 non
924 3154 1113 3222 modo
1150 3156 1321 3221 illius
1359 3155 1660 3239 temporis
1698 3156 1891 3238 spatii
1927 3175 1966 3220 a
1993 3156 2300 3220 Romanis
2337 3173 2587 3237 semper

486 3257 743 3323 habitus
798 3259 881 3323 sit
936 3258 1118 3325 testis
1172 3264 1235 3325 et
1280 3258 1555 3343 optimus
1601 3262 1664 3323 et
1707 3256 2167 3344 amplissimus,
2232 3257 2345 3322 sed
2390 3256 2585 3321 etiam

478 3364 745 3443 propter
786 3360 1094 3445 plurimas
1140 3362 1458 3428 orationes
1503 3359 1680 3446 operi
1714 3361 1987 3426 insertas
2023 3359 2334 3441 singulari
2370 3358 2580 3425 studio

478 3460 824 3527 lectitatus.

654 3561 888 3630 Verum
934 3584 1078 3631 cum
1124 3572 1475 3632 ceterarum
1516 3586 1728 3631 rerum
1773 3562 1965 3629 etiam
2009 3562 2218 3628 fontes
2272 3562 2584 3646 indagare

487 3666 701 3730 conati
746 3668 961 3750 simus,
1008 3667 1193 3733 unius
1240 3668 1518 3752 exempli
1563 3688 1644 3732 ne
1690 3686 1790 3732 res
1829 3665 2084 3749 quidem
2123 3665 2416 3747 quamvis
2453 3662 2582 3729 sin-

657 3852 675 3883 1

656 3856 702 4005 ²))
737 3854 1256 4006 {lisy-eloquentiae
1291 3939 1439 3994 Rom.
1477 3942 1602 3993 ante
1639 3938 1787 3993 CaeS.
1822 3938 2048 3992 historia
2093 3937 2158 3993 cf.
2197 3938 2478 3991 Iordanum
2524 3937 2582 3989 in

482 4022 563 4077 ed.
599 4022 788 4091 fragm.
825 4024 941 4078 Cat.

656 4107 701 4175 ⁸)
738 4126 778 4163 S.
815 4124 863 4163 v.
902 4108 1319 4163 duodevicesimo
1354 4126 1405 4179 p.
1446 4110 1542 4165 100
1579 4109 1642 4163 cf.
1682 4108 1818 4163 Gen.
1857 4110 1925 4173 X,
1967 4109 2013 4173 1,
2053 4108 2134 4164 10.

652 4192 698 4261 ⁴)
734 4195 786 4247 b.
822 4194 956 4248 Pun.
994 4196 1075 4251 69.
