3117 4925
1472 386 1557 450 24

468 587 679 654 hunus
720 587 927 671 plebis
972 588 1044 656 C.
1080 589 1361 656 Gracchi
1402 589 1654 672 legibus
1696 589 2092 672 ebrogasset‚
2137 596 2202 656 et
2243 590 2386 676 ipse
2427 613 2574 658 eum

466 691 652 756 bonis
696 691 947 758 civibus
992 691 1409 758 Saturninum
1464 698 1874 776 oppresserat
1917 729 2002 738 —-
2043 698 2260 758 tamen
2309 701 2380 758 ut
2425 714 2572 760 con-

466 793 751 860 cordiam
786 793 1163 873 restitueret,
1199 813 1325 876 quo
1360 800 1499 860 erat
1533 794 1780 877 ingenii
1803 795 2118 876 acumine,
2155 801 2220 861 et
2247 795 2573 862 civitatem

438 895 657 982 ‚sociis
728 895 1007 962 dandam
1085 895 1333 963 censuit
1392 893 1455 960 et
1515 897 1609 962 rei
1669 897 1966 980 publicae
2027 896 2574 964 administrandae

462 1004 843 1082 potestatem
885 999 1053 1066 inter
1094 1004 1421 1064 senatores
1466 999 1840 1081 equitesque
1883 999 2312 1082 partiendam.
2385 1000 2576 1077 Quod

464 1101 521 1166 si
562 1107 893 1168 assecutus
928 1109 1115 1181 esset,
1160 1101 1465 1186 sperabat
1500 1121 1570 1166 se
1605 1107 1672 1166 et
1707 1100 1967 1181 bellum,
2011 1099 2186 1182 quod
2221 1119 2351 1166 non
2387 1101 2566 1183 igno-

460 1223 639 1269 rasse
682 1203 934 1270 videtur
974 1203 1187 1269 moliri
1230 1204 1439 1268 socios
1474 1211 1539 1268 et
1582 1229 1812 1278 „mnas
1847 1207 2112 1290 siccisque
2147 1227 2188 1266 a
2211 1201 2275 1266 0.
2301 1200 2574 1268 Graccho

460 1309 579 1394 leqe
622 1311 943 1372 iudiciaria
984 1311 1049 1372 in
1078 1307 1297 1393 forum
1330 1311 1668 1395 proin-taff
1685 1305 1735 1387 ¹)
1773 1305 2191 1372 sublaturum.
2265 1305 2451 1372 Mitto
2487 1305 2571 1370 de

460 1409 733 1491 singulis
774 1408 1025 1491 legibus
1069 1429 1413 1491 earumque
1448 1408 1770 1492 capitibus
1805 1427 2114 1489 quaerere
2148 1407 2252 1488 iis,
2303 1407 2572 1489 quarum

461 1510 847 1576 mentionem
892 1511 1163 1594 scriptor
1214 1531 1344 1576 non
1396 1510 1644 1576 intulit:
1708 1531 1908 1581 unum
1960 1509 2104 1575 dico
2149 1509 2362 1592 legem
2405 1507 2570 1574 iudi-

458 1611 741 1693 ciariam,
778 1632 971 1696 quam
1008 1613 1174 1678 inter
1211 1613 1455 1697 primas
1480 1613 1734 1694 tulerat,
1771 1632 1979 1694 neque
2009 1611 2334 1696 equitibus
2361 1630 2572 1693 neque

458 1715 687 1781 maiori
740 1722 1001 1782 senatus
1052 1716 1223 1799 parti
1267 1714 1561 1783 sufficere
1605 1715 1813 1780 visam
1859 1735 2028 1781 esse:
2094 1715 2228 1780 illis
2273 1714 2446 1796 quod
2487 1735 2572 1780 ne

459 1817 668 1883 omnis
745 1815 1123 1884 iudiciorum
1183 1824 1469 1903 potestas
1530 1818 1656 1884 sibi
1723 1817 2112 1885 adimeretur
2179 1817 2569 1899 metuebant,

458 1921 561 1986 his
597 1921 785 2004 quod,
825 1941 969 1986 cum
1003 1941 1133 1985 non
1166 1919 1359 1986 modo
1386 1919 1644 2002 iudicia,
1679 1939 1900 1984 verum
1929 1920 2126 1986 etiam
2151 1918 2245 1984 rei
2273 1917 2570 2001 publicae

459 2023 1075 2089 administrationem
1110 2042 1257 2088 cum
1292 2023 1614 2105 equitibus
1650 2021 1876 2105 partiri
1906 2021 2287 2102 iuberentur,
2324 2026 2570 2084 tantam

458 2125 795 2210 potestatis
864 2145 1019 2190 suae
1088 2124 1402 2190 iacturam
1470 2144 1598 2190 non
1668 2123 2001 2188 ferendam
2073 2122 2566 2188 arbitrabantur.

461 2225 645 2304 Quae
697 2246 841 2291 eum
892 2227 1137 2292 videret
1190 2225 1413 2292 Livius
1426 2276 1441 2307 ,
1506 2232 1578 2292 ut
1631 2226 1804 2308 leges
1858 2226 2186 2311 perferret,
2243 2223 2569 2290 Gracchos

458 2327 745 2394 imitatus
789 2349 833 2392 a
884 2348 1083 2394 causa
1136 2327 1541 2412 optimatium
1593 2327 1865 2394 descivit
1919 2336 1982 2392 et
2027 2327 2204 2410 leges
2251 2327 2565 2410 agrarias,

461 2430 934 2515 frumentariae,
998 2431 1389 2499 nummarias
1441 2430 1705 2500 ferendo
1760 2437 2091 2514 totamque
2133 2429 2576 2496 Gracchorum

460 2535 925 2619 supellectilem
976 2532 1323 2600 mutuando
1366 2534 1620 2617 plebem
1665 2534 1752 2599 ad
1797 2554 2064 2599 causam
2097 2553 2294 2599 suam
2339 2532 2570 2616 perdu-

461 2656 605 2703 cere
640 2643 906 2703 conatus
942 2643 1057 2701 est.
1131 2634 1557 2713 Quamobrem
1593 2637 1948 2702 rectissime
1982 2636 2139 2702 fecit
2175 2634 2572 2716 Cornificius,

465 2745 533 2806 ut
574 2760 719 2807 eum
756 2738 1139 2814 ”Gracchum
1172 2742 1421 2802 nitorem
1456 2741 1812 2803 obsoletum“
1849 2738 2090 2803 diceret
2125 2739 2262 2819 (IV,
2299 2740 2416 2819 34,
2439 2738 2572 2818 46).

462 2842 709 2908 Eadem
761 2842 1007 2907 ratione
1051 2840 1281 2905 Florus
1300 2842 1351 2921 ²)
1406 2841 1500 2905 ait
1543 2842 1836 2914 „Livium
1880 2842 2108 2927 plebem
2162 2844 2249 2904 ad
2289 2864 2348 2905 se
2389 2837 2576 2905 Grac-

460 2947 668 3009 chanis
700 2946 939 3030 leyibus,
974 2948 1192 3009 eisdem
1224 2947 1408 3009 socios
1442 2948 1526 3009 ad
1559 2946 1794 3032 plebem
1837 2966 1940 3031 spe
1974 2946 2228 3009 civitatis
2265 2946 2578 3008 erexisse‘fi

463 3044 598 3111 Sed
632 3046 801 3111 nitor
836 3052 1006 3111 certe
1043 3052 1183 3111 erat
1218 3046 1670 3127 Gracchorum,
1706 3045 1926 3127 itaque
1961 3065 2090 3110 non
2129 3046 2348 3121 minus
2385 3066 2580 3127 quam

470 3148 723 3213 illorum
756 3148 945 3215 buius
980 3154 1245 3214 mortem
1282 3147 1471 3213 deflet
1506 3134 1700 3228 atque
1742 3145 2052 3230 deplorat,
2099 3151 2306 3221 „cuius
2339 3151 2581 3233 sanquis

468 3256 812 3317 dorne-§ticos
836 3256 1097 3340 parietes
1130 3263 1189 3315 et
1218 3252 1437 3315 voltum
1462 3253 1736 3337 parentis
1769 3252 2106 3336 adspersiff‘
2141 3249 2275 3333 (IV,
2309 3250 2412 3331 22,
2447 3248 2575 3330 31).

468 3352 601 3421 Sed
643 3375 723 3419 ne
770 3355 913 3437 quis
958 3353 1109 3419 inde
1150 3359 1387 3418 temere
1430 3352 1844 3417 ratiocinetur
1881 3358 2133 3437 patrem
2167 3352 2337 3417 Livii
2380 3352 2578 3417 etiam

474 3461 626 3523 tunc
678 3456 745 3523 in
798 3456 935 3521 vita
990 3454 1188 3521 fuisse
1229 3452 1595 3534 vidisseque
1649 3453 1770 3519 filii
1824 3454 2113 3538 caedem,
2179 3474 2370 3536 quem
2411 3473 2582 3517 anno

469 3540 577 3649 5¹03,
640 3579 786 3625 cum
840 3578 1063 3625 censor
1104 3576 1249 3624 cum
1293 3556 1376 3621 M.
1422 3555 1698 3621 Aemilio
1745 3556 1987 3622 Scauro
2031 3564 2224 3638 esset,
2281 3555 2418 3620 vita
2471 3554 2579 3619 de·

467 3661 758 3731 functum
798 3680 941 3727 esse
984 3658 1337 3725 certissimo
1374 3666 1626 3725 constat
1661 3660 2042 3726 testimonio.
2065 3660 2114 3741 ⁸)
2189 3658 2395 3721 Immo
2427 3676 2578 3721 vero

472 3783 617 3831 eum
677 3762 759 3829 iis
820 3782 1031 3827 rerum
1093 3760 1509 3845 scriptoribus
1530 3763 1586 3833 ⁴)
1641 3762 1958 3827 consentit
2001 3760 2378 3828 Cornificius
2392 3811 2408 3844 ,
2471 3760 2586 3842 qui

644 3934 688 3997 1)
727 3933 834 3988 Cic.
872 3934 936 3986 de
974 3932 1079 4001 leg.
1101 3932 1209 3997 ’111,
1244 3934 1292 3996 9,
1329 3932 1412 3987 20.
1490 3930 1534 4000 ²)
1572 3932 1665 3995 ΠΙ,
1705 3932 1782 3995 17,
1819 3932 1869 3985 6.

654 4018 698 4086 ⁸)
734 4018 880 4071 Plut.
918 4022 1119 4087 quaest.
1156 4019 1305 4072 Rom.
1344 4020 1427 4073 50.

643 4104 689 4169 ⁴)
724 4105 863 4158 Vell.
892 4104 957 4169 11,
990 4106 1077 4167 143
1112 4104 1227 4159 Liv.
1257 4119 1365 4173 per.
1392 4103 1593 4166 LXXI;
1630 4101 1777 4159 Oros.
1795 4101 1860 4165 V,
1891 4102 1982 4163 18;
2019 4100 2130 4155 Cic.
2156 4096 2382 4167 promi.
2413 4097 2459 4158 7,
2489 4093 2582 4154 16;

461 4195 534 4248 >de
568 4196 677 4247 nat.
713 4192 851 4247 deor.
888 4192 983 4255 111,
1020 4192 1101 4255 32,
1138 4192 1221 4246 80.
