3117 4925
1548 328 1635 393 43

535 528 756 612 doruS,
824 529 996 597 haud
1039 530 1172 599 scio
1217 552 1302 597 an
1344 531 1482 619 ipse
1535 533 1684 601 inde
1742 532 2097 617 collegerit,
2162 533 2333 617 quod
2376 534 2639 619 Nasica,

540 652 678 698 cum
727 633 922 699 ceteri
965 640 1290 699 senatores
1335 656 1376 699 a
1429 635 1699 701 tribunis
1753 636 1957 721 plebis
2011 622 2384 719 interrogati
2440 658 2635 721 nega-

538 734 779 801 vissent
824 735 1136 803 occidisse
1171 758 1313 803 sese
1349 738 1698 822 Tiberium,
1743 738 1901 825 ipse,
1948 738 2201 805 molitor
2236 746 2405 807 certe
2442 746 2639 823 atque

537 837 922 904 architectus
983 840 1268 923 sceleris,
1351 841 1591 907 crimen
1654 841 2023 926 susceperit.
2045 838 2097 925 ¹)
2186 841 2411 925 Atque
2473 842 2641 907 haec

539 939 794 1023 quidem
840 941 1166 1009 hactenus.

707 1042 844 1107 Iam
881 1064 1030 1108 vero
1067 1044 1134 1110 in
1169 1042 1248 1109 iis
1285 1045 1617 1129 exempliS,
1665 1066 1830 1130 quae
1867 1053 2238 1133 repetuntur
2272 1068 2313 1112 a
2349 1053 2639 1135 tempore

455 1166 478 1185 ·
537 1143 865 1209 interiecto
927 1146 1094 1211 inter
1155 1167 1378 1213 necem
1421 1148 1518 1213 Ti.
1569 1148 1845 1215 Gracchi
1905 1148 2269 1233 bellumque
2323 1149 2633 1215 Punicum

535 1246 908 1330 secundum,
974 1248 1330 1331 singulares
1392 1271 1493 1315 res
1532 1250 1647 1315 ita
1706 1250 2005 1317 desinunt
2058 1252 2537 1318 commemorari
2590 1272 2639 1316 a

536 1349 901 1434 Cornificio,
968 1359 1036 1417 ut
1098 1373 1139 1417 a
1195 1354 1479 1437 quolibet
1540 1374 1652 1421 eas
1715 1356 2009 1441 accipere
2072 1354 2283 1440 ipsum
2347 1354 2631 1443 potuisse

535 1460 862 1537 appareat.
938 1456 1182 1535 Quotus
1227 1458 1396 1523 enim
1432 1458 1704 1542 quisque
1740 1464 1876 1524 erat
1912 1458 2049 1525 eius
2086 1456 2470 1541 aequalium,
2520 1455 2635 1541 qui

534 1558 802 1625 nesciret
819 1560 1255 1645 Numantiam,
1292 1559 1683 1645 Corinthum,
1720 1562 2187 1645 Karthaginem
2224 1561 2471 1627 deletas
2490 1580 2631 1625 esse

533 1684 575 1729 a.
607 1664 845 1750 populo
878 1665 1167 1729 Romano
1204 1663 1334 1747 (Ν,
1372 1666 1474 1747 27,
1513 1666 1621 1747 37)
1659 1664 1762 1729 vel
1798 1663 2178 1749 Scipionem,
2218 1670 2287 1728 ut
2322 1662 2631 1729 exercitui

534 1768 994 1851 Karthaginem
1056 1765 1374 1832 obsidenti
1433 1766 1656 1833 consul
1730 1772 2081 1851 praeesset,
2153 1766 2426 1852 primum
2488 1764 2629 1847 lege

532 1870 752 1935 annali
803 1870 1079 1936 solutum
1131 1891 1272 1936 esse
1317 1870 1452 1953 (III,
1491 1872 1551 1953 2,
1591 1868 1659 1947 2)
1714 1876 1779 1935 et
1837 1867 2347 1954 praeclarissime
2399 1868 2479 1932 de
2533 1888 2627 1931 re-

531 1973 787 2058 publica
821 1972 1114 2039 meritum
1135 1972 1268 2057 (IV,
1315 1974 1414 2056 13,
1457 1974 1563 2055 193
1601 1974 1705 2055 32,
1742 1970 1874 2055 43),
1912 1972 2015 2037 vel
2050 1971 2273 2037 ambos
2294 1970 2631 2055 Scipiones

528 2074 975 2157 hominemque
1036 2094 1270 2141 novum
1317 2075 1386 2141 O.
1432 2075 1722 2141 Laelium
1775 2074 1966 2159 longe
2020 2074 2245 2140 ceteris
2289 2072 2631 2139 virtutibus

529 2178 920 2263 praestitisse
940 2176 1075 2259 (IV,
1113 2178 1216 2259 32,
1252 2178 1366 2260 433
1405 2178 1507 2261 25,
1544 2178 1657 2260 343
1698 2179 1797 2259 13,
1841 2178 1945 2261 19)
1983 2178 2086 2244 vel
2114 2196 2427 2243 summum
2463 2166 2634 2241 inter

529 2279 836 2345 Catonem
875 2280 1366 2365 Scipionemque
1401 2280 1707 2347 Nasicam
1743 2281 2080 2348 Corculum
2118 2281 2198 2348 de
2225 2278 2629 2363 Karthagine

528 2381 802 2447 delenda
845 2388 1167 2449 certamen
1209 2382 1276 2449 in
1319 2390 1544 2449 senatu
1590 2384 1912 2452 exstitisse
1950 2384 2084 2467 (IV,
2127 2384 2225 2466 14,
2262 2386 2348 2450 20
2386 2383 2466 2447 cf.
2504 2382 2626 2464 ΙΙΙ,

529 2487 589 2570 2,
609 2484 696 2568 2),
733 2487 837 2552 vel
873 2486 1147 2570 denique
1184 2507 1386 2570 regeS,
1423 2486 1598 2552 velut
1617 2489 1917 2553 Perseum
1938 2486 2237 2553 Gentium
2258 2484 2626 2570 Syphacem

529 2609 570 2653 a
612 2588 960 2654 maioribus
1003 2588 1196 2654 armis
1238 2588 1383 2654 illos
1429 2588 1687 2672 quidem
1732 2598 1983 2676 captos,
2040 2587 2155 2654 sed
2197 2607 2353 2668 non,
2409 2593 2481 2651 ut
2522 2588 2627 2652 Iu-

529 2693 826 2776 gurtham
886 2712 1114 2782 nuper,
1179 2693 1312 2758 vita
1375 2693 1659 2780 privatos
1721 2713 1863 2760 esse
1907 2693 2037 2776 (Ν,
2094 2693 2196 2772 16,
2245 2689 2399 2774 23)?
2488 2688 2637 2756 Uno-

528 2801 744 2860 tamen
815 2797 1104 2882 exemplo
1185 2804 1394 2882 potest
1463 2795 1887 2863 demonstrari
1952 2797 2213 2864 Catonis
2288 2791 2629 2874 orationeS,

531 2916 690 2980 quas
744 2897 978 2980 legisse
1030 2919 1099 2964 se
1151 2899 1290 2986 ipse
1345 2899 1624 2969 affirmat
1680 2899 1788 2982 (cf.
1828 2921 1889 2984 p.
1934 2899 2067 2982 15),
2133 2897 2425 2984 scriptori
2479 2901 2633 2962 ante

529 2999 811 3064 animum
855 2999 1228 3066 obversatas
1274 3020 1429 3066 esse.
1505 3001 1732 3066 Tradit
1775 2999 1941 3066 enim
1980 3001 2113 3085 (IV,
2157 3003 2254 3085 16,
2296 2999 2407 3084 23)
2454 3020 2628 3066 more

529 3100 840 3168 maiorum
893 3101 1250 3184 mulierem,
1317 3122 1510 3188 quam
1562 3103 1953 3188 impudicam
1997 3103 2417 3188 iudicassent,
2484 3125 2631 3170 eam

528 3204 819 3271 veneficii
856 3224 1107 3289 quoquc
1143 3205 1514 3272 damnatam
1540 3206 1793 3272 solitam
1823 3227 1963 3274 esse
2000 3207 2371 3274 existimari.
2427 3209 2640 3274 Docet.

530 3313 743 3373 autem
781 3306 1211 3385 Quintilianus
1234 3307 1286 3390 ⁹)
1323 3309 1585 3374 Catonis
1628 3309 1797 3376 hanc
1839 3309 2036 3374 fuisse
2080 3310 2633 3377 ratiocinationem

532 3409 641 3491 qui
690 3411 961 3484 „nullam
1013 3413 1350 3476 adulteram
1401 3437 1522 3477 non
1574 3417 1823 3479 eandem
1874 3437 1991 3479 esee
2044 3417 2396 3498 veneficam“
2449 3413 2628 3488 dicti-

531 3519 747 3580 tasset.
838 3512 1008 3592 Quid
1059 3513 1255 3597 igitur
1303 3514 1599 3600 impedit,
1664 3515 1999 3599 quominus
2052 3536 2195 3584 eam
2247 3515 2358 3583 uni
2412 3535 2633 3580 earum

535 3616 910 3700 orationum,
959 3637 1126 3700 quae
1178 3623 1438 3683 senatus
1473 3616 1763 3684 consulto
1800 3617 1879 3684 de
1915 3618 2423 3684 Bacchanalibus
2457 3617 2634 3682 facto-

528 3717 678 3784 inde
741 3720 826 3784 ab
887 3739 1056 3786 anno
1109 3703 1196 3766 952⁸-
1251 3718 1331 3785 de
1393 3719 1719 3786 veneficiis
1779 3721 1884 3787 vel
1945 3720 2026 3786 de
2087 3719 2639 3788 coniurationibus

529 3820 946 3887 clandestinis
1009 3773 1262 3904 baffia,
1335 3823 1781 3906 assignemus?
1886 3823 2055 3888 Nam
2118 3844 2313 3891 unam
2374 3824 2636 3908 quidem

701 4061 744 4178 ζ)
781 4059 935 4115 Diod·
971 4059 1284 4132 XXXIVW.
1319 4063 1388 4116 60
1421 4079 1474 4130 p.
1516 4063 1615 4116 154
1650 4064 1735 4132 (v.
1771 4081 1822 4132 p.
1858 4063 1997 4132 381).

721 4146 851 4215 )·v,
887 4147 972 4212 11,
1008 4147 1090 4201 39.
