3117 4925
1501 370 1583 433 31

485 582 808 661 armisque
853 599 932 643 ac
975 598 1102 642 non
1147 576 1364 641 omnia
1407 577 1654 654 sedate,
1720 569 2061 651 moderate,
2108 569 2392 653 legitime
2452 578 2601 635 acta

487 684 679 749 sunt?
770 684 989 765 Ipsum
1034 679 1108 757 Q.
1155 677 1418 743 Varium
1480 672 2086 759 perniciosissimum
2148 674 2241 737 rei
2302 674 2597 758 publicae

486 787 716 866 civem,
763 805 804 849 a
843 803 970 865 quo
1006 781 1079 859 Q.
1119 780 1447 847 Metellum
1482 778 1770 843 Celerem
1806 782 1870 841 et
1904 776 1988 841 M.
2030 775 2283 841 Livium
2318 777 2598 841 Drusum

485 908 602 974 per
638 886 909 953 insidias
945 891 1206 951 necatos
1242 902 1427 947 nemo
1455 900 1585 947 non
1614 878 1951 956 dictitaret,
1988 900 2199 943 nonne
2224 878 2597 945 damnatum

485 991 660 1074 lege,
725 1010 854 1054 non
907 986 1342 1051 indemnatum
1397 984 1459 1047 vi
1520 1002 1556 1047 e
1601 980 1927 1065 republica
1978 982 2329 1047 excessisse
2376 982 2597 1048 Cicero

488 1092 832 1157 memoriae
889 1088 1124 1153 tradit?
1149 1088 1198 1167 1)
1263 1107 1390 1151 non
1436 1086 1548 1151 On.
1597 1084 1967 1169 Pompeium
2016 1084 2421 1167 Strabonem,
2485 1085 2595 1150 ho-

488 1194 720 1257 minem
767 1192 866 1257 dis
911 1212 990 1255 ac
1033 1188 1354 1254 nobilitati
1397 1188 1788 1273 perinvisum
1846 1206 2108 1251 causam
2162 1186 2402 1255 dixisse
2456 1187 2599 1271 lege

485 1290 726 1361 Varia?
749 1297 796 1377 2)
901 1296 984 1357 At
1048 1299 1268 1357 contra
1328 1291 1396 1354 in
1451 1290 1632 1354 Varii
1692 1289 2019 1353 tribunatu
2084 1289 2188 1353 lex
2250 1297 2468 1375 aperte
2530 1292 2597 1355 in

483 1399 827 1481 optimates
889 1396 1136 1459 intenta
1197 1392 1433 1476 gladiis
1497 1390 1812 1474 equitum,
1892 1412 2019 1457 non
2082 1392 2318 1456 civium
2380 1392 2595 1457 liberis

485 1499 808 1582 suffragiis
863 1498 1202 1581 perfertur,
1267 1492 1656 1577 effugiuntur
1710 1502 1969 1578 propter
2022 1494 2423 1575 iniquitatem
2476 1495 2594 1559 ini-

491 1602 892 1681 micitiasque
928 1598 1209 1663 iudicum
1244 1594 1504 1679 iudicia,
1544 1596 1735 1659 homo
1775 1596 1905 1659 iam
1944 1618 1985 1660 a
2014 1596 2266 1661 tribuno
2296 1596 2596 1662 dimissus

487 1702 712 1768 eodem
776 1702 1003 1767 iterum
1066 1700 1328 1765 crimine
1386 1734 1470 1741 ——
1515 1696 2037 1763 condemnandus
2101 1701 2269 1763 enim
2332 1708 2468 1765 erat
2514 1736 2597 1745 -
2636 1740 2645 1748 ·

485 1811 844 1885 accusatur,
880 1804 1040 1867 fiunt
1077 1802 1349 1883 denique
1385 1800 1629 1864 iudicia
1657 1820 1782 1864 non
1810 1801 1965 1884 iure,
2004 1800 2119 1866 sed
2144 1804 2393 1885 privato
2427 1801 2593 1882 odio,

489 1928 616 1972 non
657 1908 800 1991 lege
845 1904 959 1971 sed
1002 1904 1088 1988 vi,
1136 1903 1250 1969 sed
1295 1900 1610 1967 seditione
1656 1902 2077 1985 apertissima.
2468 1884 2481 1901 “

657 2009 1052 2075 Gravissimo
1097 2013 1312 2071 autem
1357 2005 1571 2087 legum
1618 2025 1873 2069 suarum
1920 2005 2437 2089 perferendarum
2482 2005 2593 2070 ad-

487 2112 790 2177 miniculo
851 2111 1148 2175 utebatur
1204 2107 1526 2195 Sulpicius
1582 2106 1889 2173 societate
1942 2108 2260 2191 Mariana;
2326 2129 2597 2191 quorum

483 2215 647 2279 alter
699 2213 962 2277 alterius
1018 2232 1138 2295 ope
1184 2210 1269 2274 ad
1312 2230 1390 2275 ea
1449 2229 1616 2291 qua-e
1659 2210 1959 2275 volebant
2004 2212 2405 2293 assequenda
2449 2234 2593 2295 ege-

479 2317 662 2381 bant:
710 2316 822 2377 ille
867 2321 935 2378 ut
970 2321 1410 2378 veteranorum
1449 2312 1881 2377 Marianorum
1929 2314 2177 2380 animos
2214 2314 2339 2379 sibi
2383 2316 2591 2381 conci-

480 2418 685 2499 liaret,
719 2416 822 2482 hic
843 2423 912 2481 ut
929 2415 1168 2482 bellum
1186 2413 1689 2480 Mithridaticum
1710 2416 1833 2482 sibi
1851 2417 2198 2500 gerendum
2222 2416 2590 2485 deferretur.

479 2522 646 2585 Turn
693 2519 947 2584 demum
990 2517 1313 2602 Sulpicius
1351 2517 1607 2580 Livium
1644 2526 1915 2602 secutus,
1965 2529 2033 2584 ut
2070 2521 2261 2585 sociis
2299 2521 2587 2604 eandem,

479 2642 674 2706 quam
719 2621 992 2684 Romani
1035 2619 1376 2700 habebant,
1425 2619 1999 2705 civitatem-daret,
2049 2622 2257 2704 legem
2294 2621 2374 2690 de
2410 2625 2593 2690 novis

476 2725 756 2806 civibuS‚
805 2731 874 2788 ut
916 2728 1295 2806 potestatem
1341 2722 1433 2786 rei
1480 2719 1775 2806 publicae
1825 2723 2373 2791 administrandae
2426 2725 2593 2791 inter

475 2833 804 2892 senatores
858 2824 1231 2907 equitesque
1290 2844 1498 2905 aequa
1552 2826 1843 2904 portione
1896 2826 2324 2911 dispensaret,
2389 2829 2595 2912 legem

479 2927 942 3013 promulgavit,
991 2947 1071 2992 ne
1117 2927 1260 3009 quis
1307 2933 1565 2991 senator
1608 2929 1752 3010 plus
1798 2936 1940 2993 octo
1986 2930 2189 2994 millia
2234 2933 2594 2998 sestertium

479 3031 648 3096 aeris
719 3029 916 3094 alieni
978 3029 1258 3092 haberet.
1367 3019 1637 3093 Talibus
1701 3037 1913 3094 autem
1976 3033 2440 3120 rogationibus,
2523 3047 2593 3104 ut

476 3134 796 3198 sociorum
833 3149 1168 3196 numerum
1205 3139 1469 3214 augeret
1506 3139 1845 3214 essentque
1883 3134 1992 3216 qui
2030 3142 2251 3202 contra
2286 3141 2592 3208 maiorem

479 3243 742 3302 senatus
822 3241 1068 3318 partem
1131 3233 1687 3298 vehementissime
1762 3237 2158 3302 resistentem
2220 3244 2589 3337 niterentur,

477 3339 876 3420 rogationem
940 3336 1020 3401 de
1081 3336 1373 3401 exulibus
1437 3338 1815 3403 revocandis
1878 3340 2071 3406 facile
2132 3352 2194 3409 et
2256 3346 2397 3412 sine
2464 3350 2589 3414 ullo

475 3437 761 3504 invidiae
796 3438 1022 3502 timore
1057 3437 1265 3522 potuit
1301 3439 1753 3506 intermiscere.
1814 3442 1987 3508 Vidit
2019 3447 2301 3529 profecto
2329 3470 2588 3516 causam

491 3540 886 3623 Cornificius,
934 3560 1080 3605 cum
1123 3539 1283 3606 haec
1327 3541 1567 3607 diceret
1614 3543 1721 3624 (ΙΙ.
1762 3545 1862 3627 28,
1900 3547 2039 3629 45):

651 3679 848 3751 „Item
891 3681 1166 3742 vitiosum
1209 3690 1292 3742 est
1333 3681 1406 3744 de
1449 3685 1684 3746 nomine
1727 3695 1781 3746 et
1822 3687 2098 3749 vocabulo
2133 3693 2589 3754 controversiam

651 3793 900 3853 struere,
963 3805 1146 3866 quam
1195 3805 1323 3846 rem
1378 3788 1733 3848 consuetudo
1774 3799 1971 3873 potest
2012 3802 2247 3876 optume
2288 3795 2587 3859 iudicare.-

649 3884 803 3948 velut
818 3882 1136 3971 Suspieius,
1175 3889 1280 3970 qui
1303 3888 1723 3962 intercesserat,
1762 3913 1833 3954 ne
1861 3891 2072 3965 exule-3,
2110 3895 2320 3978 quibus
2346 3921 2587 3960 causam

653 3989 843 4050 dicere
868 4011 986 4051 non
1007 3989 1276 4061 licuisset,
1305 3993 1739 4066 reducerentur,
1777 3996 1936 4056 idem
1952 3999 2264 4082 poster-ius,
2290 4001 2589 4064 inmutata

653 4173 696 4241 ¹)
735 4173 884 4230 Brut.
924 4174 1004 4236 89,
1043 4173 1159 4228 305.
1231 4169 1275 4242 ²)
1309 4173 1418 4227 Cic.
1455 4192 1547 4242 pro
1584 4175 1737 4230 Corn.
1772 4178 1814 4242 Ι,
1852 4179 1934 4234 29.
