3117 4925
612 544 775 628 Ipse‚
822 550 1130 625 quantum
1174 563 1255 610 ex
1298 551 1431 612 toto
1484 545 1632 612 libri
1677 545 1898 612 habitu
1953 545 2321 612 existimare
2371 547 2541 631 lieet,

444 665 703 729 prorsus
742 645 1069 712 dissimilis
1104 653 1241 712 erat
1275 646 1625 728 Ciceronis,
1663 647 1938 714 hominis
1969 647 2152 714 molli
2184 648 2444 732 ingenio
2479 659 2544 716 et

440 748 554 830 qui
585 748 945 814 alienarum
980 768 1173 833 opum
1208 748 1788 833 impulsionumqne
1823 749 2166 834 indigeret3
2203 750 2318 818 sed
2353 771 2540 834 vege·

438 858 574 915 tum
603 850 927 933 ingenium
959 850 1027 914 in
1054 850 1271 918 vivido
1300 858 1555 936 pectore
1573 851 1850 934 vigebat,
1879 852 2252 934 virebatque
2277 852 2542 936 integris

436 953 741 1034 sanisque
786 953 1095 1020 sensibus.
1168 953 1311 1032 Quo
1353 953 1598 1020 factum
1643 959 1760 1031 est,
1805 959 1876 1018 ut
1917 973 2046 1018 non
2085 955 2286 1022 semel
2321 961 2542 1024 contra

434 1055 787 1120 Graeculos
822 1055 1174 1140 disputaret
1208 1061 1401 1138 atque
1436 1055 1600 1120 adeo
1639 1055 1844 1122 nimia
1881 1054 2150 1120 fortasse
2179 1056 2280 1120 sni
2305 1055 2542 1122 fiducia

434 1157 832 1240 aliorumque
892 1156 1361 1242 contemptione
1422 1163 1538 1222 sua
1601 1157 1742 1241 ipse
1816 1157 2112 1242 exempla
2175 1158 2540 1240 excogitare

434 1259 564 1324 sibi
621 1266 1019 1344 proponeret.
1108 1259 1317 1324 Tanto
1371 1265 1584 1324 autem
1635 1265 1734 1324 est
1787 1257 2008 1324 iudicii
2065 1259 2386 1339 acumine,
2450 1267 2536 1342 ut,

440 1362 693 1442 quoties
728 1362 953 1427 Cicero
998 1361 1377 1426 sententiam
1417 1360 1555 1426 eius
1591 1359 1932 1427 emendare
1969 1367 2233 1426 conatus
2269 1367 2384 1443 est,
2429 1361 2540 1428 vix

445 1464 571 1527 utri
624 1465 1071 1544 assentiamur,
1138 1462 1515 1529 dubitemus.
1623 1463 1790 1528 Nam
1835 1462 1956 1529 hoc
2019 1461 2304 1544 quidem,
2369 1462 2539 1544 quod

433 1565 655 1630 omnia
706 1571 1049 1649 praecepta
1100 1585 1219 1630 sua
1278 1564 1364 1630 ad
1405 1564 1578 1630 vitae
1621 1565 1867 1646 forique
1912 1564 2252 1630 utilitatem
2293 1563 2534 1648 dirigit,

440 1667 647 1749 magis
690 1667 947 1732 omnino
982 1667 1410 1732 Romanorum
1446 1686 1711 1748 morum,
1761 1685 1954 1748 quam
1999 1665 2326 1749 scriptoris
2359 1666 2538 1732 laudi

436 1769 731 1834 verterim
804 1768 1131 1852 peculiari.
1239 1767 1407 1835 Illud
1468 1767 1678 1852 magis
1739 1766 1983 1850 ingenii
2043 1768 2180 1834 eius
2242 1767 2536 1835 acumine

433 1870 678 1936 factum
741 1891 881 1936 esse
932 1871 1231 1954 arbitror,
1290 1871 1487 1954 quod,
1552 1869 1711 1952 quid
1763 1869 2064 1952 Gracchi,
2127 1868 2283 1951 quid
2343 1869 2538 1940 ceteri

435 1973 699 2054 tribuni,
764 1973 875 2054 qni
925 1992 1041 2056 pro
1094 1973 1301 2038 salute
1348 1971 1582 2037 civium
1626 1977 1893 2038 mortem
1937 1971 2362 2056 oppetierant,
2424 1991 2533 2036 vo-

432 2074 728 2157 luissent,
790 2075 987 2157 probe
1050 2073 1301 2140 videtur
1360 2073 1774 2140 intellexisse.
1878 2074 2086 2155 Atque
2148 2072 2242 2137 ita
2301 2091 2534 2138 causae

436 2174 763 2258 popularis
808 2176 1018 2242 studio
1064 2177 1423 2242 abstractus
1468 2183 1598 2258 est,
1645 2182 1715 2241 ut
1757 2196 1838 2241 ne
1883 2174 2213 2240 Saturnini
2255 2174 2532 2256 quidem,

430 2277 707 2342 hominis
752 2277 1035 2345 omnium
1078 2277 1302 2342 horum
1344 2277 1541 2342 facile
1586 2276 2028 2362 impurissimi,
2084 2297 2306 2342 necem
2349 2275 2530 2342 dubi-

432 2379 665 2446 taverit
709 2379 1042 2465 deplorare
1080 2377 1212 2463 (IV,
1250 2379 1353 2459 22,
1392 2377 1520 2460 31).
1596 2378 1998 2460 Quamquam
2040 2377 2230 2442 huius
2275 2377 2533 2460 quidem

436 2482 712 2567 partium
760 2481 955 2549 studii
999 2482 1219 2563 aliqua
1272 2502 1353 2547 ex
1396 2490 1578 2566 parte
1621 2501 1884 2551 causam
1927 2480 2292 2562 fontemque
2332 2477 2532 2543 fuisse

428 2586 659 2669 opinor
694 2585 1141 2669 cognationem
1176 2584 1658 2650 Herenniorum.
1731 2584 1986 2651 Scimus
2019 2583 2190 2651 enim
2225 2582 2296 2647 O.
2333 2600 2528 2663 quen-

428 2686 580 2751 dam
642 2687 1057 2769 Herennium,
1138 2704 1282 2751 cum
1354 2686 1595 2753 Marius
1673 2694 1928 2771 praetor
2005 2686 2378 2769 designatus
2449 2681 2529 2747 de

424 2788 671 2857 ambitu
736 2788 1091 2871 postulatus
1152 2792 1348 2869 esset,
1412 2787 1842 2853 testimonium
1902 2788 2140 2853 inicum
2201 2803 2528 2851 recusasse

426 2910 630 2957 eausa
684 2890 1061 2974 interposita
1106 2888 1301 2955 Marii
1348 2890 1664 2958 familiam
1714 2889 1784 2955 in
1827 2889 2290 2955 Herenniorum
2333 2885 2526 2951 clien-

428 2991 561 3057 tela
604 3010 763 3057 esse.
788 2993 835 3074 ¹)
922 2991 1145 3073 Neque
1189 2992 1399 3059 minus
1444 2999 1723 3073 constat,
1778 2992 2165 3058 Herennium
2209 2986 2528 3071 quendam

426 3093 594 3161 inter
639 3092 901 3159 Sertorii
942 3093 1219 3159 Mariani
1262 3094 1511 3177 legatos
1553 3094 1752 3159 fuisse
1795 3094 1863 3159 in
1893 3094 2232 3179 Hispania.
2253 3093 2305 3173 ²)
2377 3090 2528 3155 Veri

422 3196 633 3263 simile
691 3201 792 3261 est
850 3196 1071 3279 igitur,
1136 3214 1281 3263 cum
1323 3195 1628 3261 Herennii
1678 3202 1830 3261 tunc
1881 3197 2184 3278 temporis
2235 3214 2276 3258 a
2331 3212 2526 3259 causa

426 3298 722 3382 populari
779 3303 1051 3381 starent,
1116 3297 1522 3367 Cornificium
1585 3297 1966 3381 cog-natione
2025 3316 2172 3363 cum
2234 3296 2312 3363 iis
2373 3316 2522 3363 eon-

425 3400 709 3467 iunctum
772 3400 983 3467 studio
1044 3400 1343 3469 factionis
1404 3399 1732 3485 popularis
1783 3397 2091 3483 flagrasse
2143 3399 2330 3483 quasi
2383 3416 2521 3467 ver-

425 3504 657 3573 naculo
691 3508 759 3569 et
794 3502 1211 3571 hereditario:
1250 3502 1626 3586 praesertim
1658 3522 1806 3567 eum
1841 3502 2105 3569 rationis
2133 3502 2520 3587 reipublieac

420 3606 858 3691 capessendae
918 3607 987 3671 in
1048 3605 1319 3689 singulis
1381 3606 1678 3687 gentibus
1729 3604 2118 3686 familiisque
2173 3605 2362 3686 quasi
2409 3624 2523 3688 per

421 3709 893 3775 successionem
964 3707 1287 3790 quandam
1350 3707 1624 3774 traditae
1686 3708 1888 3773 multa
1948 3706 2216 3791 proferri
2276 3707 2520 3791 possint

418 3812 737 3895 exempla.

596 3914 726 3980 Sed
768 3935 896 3997 qua
942 3914 1132 3981 fuerit
1177 3913 1241 3980 in
1285 3913 1659 4001 popularem
1709 3913 2052 3979 factionem
2095 3911 2295 3977 animi
2337 3912 2516 3977 incli-

421 4016 681 4086 natione
718 4036 860 4083 cum
896 4038 977 4083 ex
1012 4016 1303 4085 omnibns
1339 4018 1472 4083 fiere
1508 4016 1820 4100 exemplis
1855 4022 1992 4082 tum
2019 4036 2100 4081 ex
2129 4016 2214 4082 iis
2239 4015 2518 4081 maxime

596 4137 637 4207 ¹)
671 4135 817 4191 Plnt.
855 4136 987 4193 Mar.
1017 4136 1077 4200 5,
1112 4135 1161 4189 4.
1234 4135 1277 4205 ²)
1309 4134 1453 4193 Plut.
1490 4134 1678 4204 Pomp.
1720 4135 1800 4197 18,
1833 4135 1882 4189 3.

3045 3926 3060 3949 a·

3080 4023 3092 4057 «-
3067 3931 3100 4012 εἴι-
