3117 4925
1515 359 1596 424 17

499 565 731 649 paucis
776 563 1230 647 explicandum
1275 571 1394 629 est.
1466 566 1680 644 Atque
1714 563 2146 628 Mommsenus
2181 563 2439 645 quidem
2483 563 2613 629 dici

505 674 691 751 putat
769 666 1209 749 quaestionem
1284 665 1886 746 extraordinariam,
1907 664 1961 749 1)
2039 665 2324 731 tribunos
2384 667 2610 750 plebis,

502 769 680 854 apud
739 789 900 852 quos
945 769 1185 853 Caepio
1235 769 1552 834 fortunam
1607 787 1925 834 excusans
1985 767 2330 852 inducitur,
2411 769 2610 834 fuisse

505 871 575 936 C.
622 873 997 936 Norbanum
1042 879 1105 937 et
1146 872 1219 936 L.
1268 871 1702 936 Saturninum.
1793 869 2006 948 Quid?
2061 891 2368 936 aurumne
2416 871 2612 937 habet

508 974 903 1040 Tolosanum
922 972 1341 1038 Cornificius?
1378 961 1505 1054 quo
1540 972 1624 1037 de
1659 971 1998 1038 dicendum
2034 979 2172 1038 erat
2190 971 2498 1057 Caepioni
2525 981 2608 1057 et,

508 1077 564 1142 si
598 1076 791 1140 modo
826 1083 1095 1160 poterat,
1134 1075 1590 1159 excusandum,
1628 1097 1758 1141 non
1794 1076 1874 1140 de
1903 1075 2246 1141 amissione
2277 1077 2611 1142 exercitus.

507 1180 609 1243 An
643 1179 855 1263 ipsum
890 1179 1284 1262 scriptorem,
1324 1178 1628 1261 quoniam
1663 1178 1955 1243 laudavit
1991 1177 2396 1262 Caepionem,
2441 1179 2613 1244 idem

510 1301 817 1365 peccasse
864 1301 1106 1364 censeS,
1153 1281 1220 1345 in
1267 1301 1394 1364 quo
1439 1281 1608 1346 infra
1649 1282 1744 1346 rei
1776 1281 2139 1365 plectuntur
2174 1280 2279 1364 (II,
2319 1282 2421 1364 27,
2457 1282 2615 1362 43)?

510 1384 730 1468 Immo,
780 1383 837 1448 si
879 1383 1025 1467 ipsa
1066 1385 1267 1450 verba
1302 1385 1623 1466 sequeriS,
1651 1384 1926 1467 primam
1961 1402 2228 1448 causam
2263 1383 2618 1466 significari

509 1487 850 1570 intelliges.
942 1487 1063 1554 Cui
1100 1485 1461 1552 'sententiae
1505 1508 1586 1552 ne
1630 1486 2048 1552 assentiretur
2092 1487 2270 1551 nulla
2313 1505 2382 1550 re
2418 1486 2615 1569 impe-

514 1587 683 1653 ditus
744 1594 841 1654 est
892 1589 1082 1654 homo
1138 1589 1571 1670 doctissimus,
1635 1589 1762 1654 nisi
1816 1608 1892 1654 eo
1947 1587 2146 1670 quod,
2213 1608 2358 1652 cum
2411 1589 2620 1672 prima

514 1690 761 1772 rogatio
820 1691 1167 1774 ferebatur,
1241 1713 1321 1757 ne
1380 1691 1665 1756 adfuisse
1727 1689 1986 1772 quidem
2037 1691 2306 1772 Romae,
2386 1689 2619 1754 nedum

513 1792 831 1857 fortunam
876 1813 1219 1858 excusasse
1261 1793 1515 1858 videtur
1561 1792 1818 1876 CaepiO.
1907 1791 2231 1857 Concedo:
2280 1792 2478 1873 quid?
2523 1793 2617 1857 vi-

516 1893 712 1958 desne
748 1895 817 1959 C.
854 1893 1199 1978 Popillium
1234 1916 1497 1961 causam
1533 1895 1745 1960 dicere
1781 1893 1956 1978 apud
1991 1893 2418 1978 Cornificium,
2469 1913 2616 1958 cum

518 2015 585 2059 re
636 2016 793 2060 vera
842 1995 1089 2062 indicta
1140 2019 1339 2064 causa
1390 1997 1621 2063 abierit
1673 1997 1741 2062 in
1793 1996 2098 2061 exilium?
2186 1996 2406 2062 Finxit
2463 2017 2620 2062 sane

516 2097 740 2164 eadem
785 2100 1030 2166 ratione
1078 2100 1419 2185 Caepionis
1462 2101 1758 2166 fortunae
1813 2099 2290 2164 excusationem
2344 2098 2618 2184 scriptor

514 2202 867 2268 orationem
921 2212 1175 2269 secutus
1221 2203 1516 2287 Sulpicii,
1581 2203 1694 2284 qui
1747 2221 1894 2267 cum
1947 2201 2192 2283 aliquot
2245 2201 2430 2265 annis
2475 2208 2620 2285 post

518 2301 587 2366 C.
624 2303 999 2369 Norbanum
1033 2306 1177 2388 lege
1212 2307 1531 2391 Appuleia
1569 2304 1922 2370 maiestatis
1959 2304 2356 2383 accersisset,
2395 2302 2620 2368 eadem

515 2404 808 2470 fortunae
852 2407 1263 2473 excusatione
1306 2427 1458 2475 usus
1494 2415 1712 2474 tamen
1746 2427 1876 2473 non
1911 2406 1982 2473 id
2018 2413 2350 2474 assecutus
2387 2413 2503 2493 est,
2552 2413 2622 2472 ut

518 2513 582 2571 et
634 2508 917 2590 equitum
977 2509 1045 2573 in
1088 2509 1476 2593 Caepionem
1530 2510 1777 2590 odium,
1841 2509 2014 2592 quod
2070 2517 2209 2574 erat
2249 2511 2620 2592 maximum,

520 2615 583 2671 et
624 2609 889 2673 Antonii
931 2610 1365 2677 defensionem
1406 2612 1913 2677 versutissimam
1957 2619 2304 2694 superaret.
2327 2611 2376 2694 ²)

692 2714 878 2777 Anno
931 2719 1077 2796 post
1138 2714 1517 2796 abrogatum
1573 2715 1881 2799 Caepioni
1941 2714 2277 2799 imperium
2331 2713 2444 2779 Cn.
2490 2714 2618 2779 Do-

520 2813 735 2880 mitius
770 2814 1239 2882 Ahenobarbus
1282 2817 1571 2883 tribunus
1617 2818 1824 2901 plebis
1869 2820 2076 2901 legem
2114 2817 2260 2881 tulit
2296 2817 2376 2882 de
2412 2836 2618 2882 sacer-

521 2916 732 2998 dotiis,
778 2937 971 2999 quam
1015 2925 1165 2984 ante
1208 2920 1427 2985 oculos
1472 2921 1879 2985 obversatam
1923 2940 2065 2986 esse
2109 2920 2419 3006 scriptori,
2477 2939 2622 2984 cum

443 3080 447 3084 .
523 3018 882 3101 exemplum
909 3021 959 3101 I,
1004 3024 1101 3102 ll,
1132 3022 1217 3085 20
1234 3021 1505 3102 afferret,
1544 3042 1740 3106 supra
1771 3024 2402 3089 commemoravimus
2423 3022 2508 3107 (p.
2529 3022 2618 3105 5).

692 3120 837 3185 Non
878 3122 1231 3205 potuimus,
1296 3124 1438 3205 quis
1494 3145 1683 3207 quem
1736 3144 1942 3207 augur
1985 3124 2064 3189 de
2106 3125 2396 3208 pecuniis
2439 3145 2616 3208 repe—

522 3222 736 3288 tundis
781 3223 1123 3290 damnatus
1166 3226 1233 3291 in
1278 3226 1593 3293 demortui
1636 3227 1846 3291 locum
1889 3227 2340 3309 nominaverit,
2399 3227 2622 3308 quisve

523 3326 605 3389 ab
652 3345 727 3389 eo
773 3328 1041 3391 multam
1082 3328 1365 3412 petierit,
1423 3329 1786 3394 enucleare:
1853 3328 2014 3394 illud
2067 3336 2308 3394 certum
2355 3337 2451 3395 est
2493 3349 2622 3393 non

524 3445 665 3491 esse
725 3427 1047 3495 Cornificii
1124 3437 1323 3497 totam
1384 3452 1519 3496 rem
1597 3432 1962 3515 excogitare
2041 3439 2234 3513 atque
2310 3430 2620 3500 ementiri.

522 3531 801 3597 Necesse
856 3540 954 3598 est
1015 3534 1213 3616 igitur
1264 3533 1580 3599 accidisse
1633 3554 1767 3599 rem
1819 3534 1987 3599 intra
2035 3553 2241 3599 annos
2285 3516 2372 3621 {3⁵0}
2415 3538 2477 3597 et
2513 3514 2622 3620 ἓξ,

525 3634 827 3716 quoniam
862 3635 975 3700 illo
1010 3658 1179 3702 anno
1214 3638 1349 3702 lata
1385 3644 1483 3701 est
1517 3638 1623 3701 lex
1650 3636 1952 3720 Domitia,
1999 3637 2121 3701 hoc
2157 3635 2299 3718 lege
2327 3633 2625 3699 Cornelia

524 3740 858 3821 abrogata.
950 3739 1090 3816 Quo
1136 3740 1438 3823 temporis
1483 3738 1694 3823 spatio
1739 3739 1808 3803 C.
1855 3738 2128 3803 Marium
2173 3759 2340 3803 anno
2383 3720 2472 3781 Q
2507 3736 2618 3801 ab·

2403 3790 2454 3828 98

524 3847 769 3906 sentem
803 3878 889 3886 ——
926 3849 1063 3907 erat
1107 3843 1277 3908 enim
1323 3843 1389 3907 in
1427 3841 1841 3926 Cappadocia
1881 3878 1959 3886 —
1996 3861 2304 3925 augurem
2342 3847 2629 3906 creatum

698 4065 744 4132 ¹)
781 4064 819 4120 L
858 4081 900 4119 c.
938 4064 1033 4129 IV,
1070 4064 1186 4119 182.

698 4150 744 4221 ²)
782 4151 891 4207 Cic.
928 4151 993 4205 de
1030 4168 1101 4203 or.
1135 4150 1204 4215 11,
1239 4151 1323 4213 47,
1364 4150 1477 4204 197.
1554 4148 1621 4205 ef.
1659 4148 1766 4205 Cic.
1804 4149 1955 4203 Brut.
1995 4150 2108 4205 135.

2181 4254 2214 4304 Z
