3117 4925
1522 378 1608 442 28

510 578 855 647 dummodo
890 581 1147 649 foedere
1164 585 1451 650 Romano
1486 589 1748 649 starent.
1787 582 2268 650 Memorandum
2297 583 2618 652 mehercle

510 683 763 750 facinus
798 691 863 750 et
896 685 1067 766 quod
1102 686 1276 752 haud
1311 684 1618 752 mediocri
1651 685 1938 768 praemio
1973 683 2238 769 dignum
2271 688 2468 752 esset!

682 787 807 852 Hic
833 787 992 852 mihi
1017 787 1189 852 haud
1216 789 1333 854 abs
1360 809 1429 854 re
1458 807 1602 854 esse
1615 787 1884 870 videtur,
1919 787 2244 854 Valerium
2263 789 2614 854 Maximum

508 909 641 972 qua
700 896 919 956 utatur
984 890 1053 955 in
1122 891 1404 956 fontibus
1466 890 1906 956 exscribendis
1967 889 2376 974 neglegentia
2441 898 2614 958 certo

510 991 843 1057 ostendere
890 993 1201 1076 exemplo.
1282 994 1347 1058 Is
1388 993 1686 1059 obsessos
1730 991 1986 1074 quidem
2029 999 2248 1058 narrat
2292 993 2460 1058 bello
2503 1013 2608 1060 so·
2681 1040 2685 1044 -

510 1093 665 1159 ciali
706 1093 1087 1176 PinnenseS,
1142 1116 1365 1162 verum
1408 1117 1537 1161 non
1581 1095 1666 1162 ab
1707 1094 1978 1175 Italicis,
2035 1093 2149 1160 sed
2191 1094 2278 1158 ab
2319 1095 2612 1162 Romano

510 1196 889 1282 imperatore
951 1197 1215 1279 eiusque
1276 1198 1551 1264 similem
1615 1204 1811 1280 atque.
1869 1196 2191 1263 Diodorus
2243 1196 2614 1264 Italicorum

506 1304 773 1364 accusat
818 1297 1277 1365 crudelitatem.
1300 1301 1351 1382 1)
1422 1301 1539 1366 Est
1581 1307 1796 1366 autem
1839 1299 2104 1366 difficile
2145 1305 2372 1383 putatu
2419 1335 2502 1346 --
2546 1297 2616 1364 id

507 1399 683 1482 quod
724 1421 985 1466 necesse
1020 1410 1207 1485 esset,
1254 1403 1313 1468 si
1346 1403 1604 1469 Valerio
1647 1401 1838 1468 fidem
1873 1402 2254 1468 haberemus
2287 1437 2370 1446 --
2405 1401 2614 1469 Pinna

507 1503 595 1568 ab
608 1503 856 1568 Italicis
884 1511 1255 1587 expugnata
1271 1505 1632 1570 Romanum
1657 1505 2102 1589 imperatorem
2122 1502 2348 1568 eadem
2367 1503 2614 1570 ratione

508 1605 834 1670 civitatem
876 1605 946 1670 in
990 1607 1448 1691 rempublicam
1492 1607 1870 1674 fidissimam
1915 1613 2212 1674 conatum
2257 1626 2400 1673 esse
2435 1625 2612 1672 recu-

506 1727 751 1792 perare.
805 1708 1009 1773 Immo
1037 1710 1361 1794 contorsit,
1399 1718 1468 1776 ut
1498 1729 1974 1794 saepenumero,
1997 1707 2050 1792 ²)
2085 1729 2302 1774 veram
2329 1708 2613 1776 fabulam

507 1815 575 1874 et
626 1809 713 1874 ad
764 1809 833 1876 id
887 1811 1223 1878 consilium
1276 1812 1654 1893 demutavit,
1720 1818 1790 1878 ut
1843 1811 2098 1894 insigne
2149 1811 2404 1894 pietatis
2459 1829 2616 1892 erga

506 1918 807 1994 parentes
852 1914 1179 1997 exemplar
1222 1914 1499 1980 haberet.

682 2014 813 2080 Sed
854 2022 925 2081 nt
980 2023 1357 2100 revertatur,
1422 2017 1590 2082 unde
1635 2016 1941 2100 degressa
1985 2022 2107 2098 est,
2173 2015 2406 2097 oratio,
2471 2035 2614 2080 cum

507 2122 689 2182 tanto
735 2124 995 2200 tamque
1038 2119 1371 2201 praeclaro
1406 2119 1821 2186 Pinnensium
1855 2117 2008 2184 fidei
2043 2117 2408 2184 testimonio
2443 2138 2612 2182 com·

507 2226 697 2302 parat
730 2220 1002 2304 scriptor
1036 2221 1285 2288 facinus
1322 2220 1646 2302 quoddam
1665 2221 2056 2298 Albensium,
2093 2239 2218 2302 quo
2245 2240 2374 2284 non
2402 2219 2614 2286 minus

508 2321 671 2386 bene
708 2321 787 2386 de
813 2323 1121 2388 Romanis
1157 2323 1517 2388 meruerint.
1573 2325 1782 2404 Atque
1817 2322 2143 2405 egregiam
2179 2322 2346 2395 bello
2368 2322 2610 2389 Hanni-

508 2423 719 2489 balico
781 2423 969 2491 huius
1030 2425 1319 2493 coloniae
1374 2426 1646 2494 Latina-e
1707 2425 1906 2493 fuisse
1959 2425 2151 2493 fidem
2204 2425 2540 2509 Appianas
2561 2424 2612 2506 ⁸)

506 2526 853 2593 memoriae
889 2528 1172 2595 tradidit.
1226 2528 1397 2593 Nam
1430 2536 1768 2613 postquam
1788 2529 2113 2593 Hannibal
2141 2528 2366 2593 relicta
2385 2526 2610 2611 Capua

505 2629 761 2712 magnis
804 2630 1135 2697 itineribus
1181 2650 1295 2715 per
1338 2632 1672 2697 Samnium
1715 2632 1984 2697 Romam
2029 2629 2355 2697 contendit
2408 2636 2612 2695 trans·

504 2732 829 2813 missoque
846 2732 1091 2800 Aniene
1124 2732 1317 2797 fluvio
1354 2742 1653 2815 quattuor
1666 2734 1722 2817 ⁴)
1761 2733 1962 2799 millia
1997 2752 2304 2817 passuum
2340 2754 2381 2797 a
2420 2740 2610 2815 porta

506 2834 763 2901 Collina
806 2840 1018 2899 castra
1063 2836 1431 2918 collocavit,
1496 2842 1648 2903 tunc
1691 2836 1900 2921 ipsum
1948 2835 2204 2901 labante
2250 2841 2314 2899 et
2358 2834 2610 2898 ruinam

508 2936 845 3001 minitante
888 2957 957 3003 re
1000 2936 1261 3021 publica
1294 2939 1588 3004 Romana
1621 2938 1748 3003 duo
1785 2938 1990 3003 millia
2023 2936 2416 3018 Albensium,
2462 2936 2609 3001 Pla-

508 3044 823 3121 taeenses,
869 3045 941 3107 ut
982 3040 1077 3105 ait
1118 3039 1473 3123 Appianas,
1520 3040 1756 3107 imitati
1788 3041 2058 3105 Romam
2101 3038 2344 3105 auxilio
2387 3058 2608 3103 accur-

510 3146 741 3207 rerunt.
813 3141 1031 3207 Potest
1064 3142 1261 3225 igitur
1296 3142 1455 3210 haec
1492 3163 1594 3210 res
1630 3142 1978 3225 significari
2011 3162 2054 3207 a
2087 3140 2412 3224 scriptore.
2483 3140 2614 3206 Sed

508 3261 638 3307 non
682 3242 917 3307 iniuria
960 3243 1193 3309 dixerit
1238 3244 1574 3328 quispiam,
1623 3244 1684 3309 si
1723 3243 1997 3326 scriptor
2031 3242 2447 3309 Pinnensium
2483 3261 2610 3307 me-

506 3344 821 3413 morabile
856 3344 1109 3412 facinus
1146 3366 1183 3411 e
1219 3346 1387 3413 bello
1406 3346 1636 3413 Italico
1671 3346 1918 3428 sumsit,
1957 3366 2069 3412 cur
2103 3345 2312 3412 simile
2349 3346 2610 3411 alterius

512 3446 813 3528 civitatis,
860 3446 1033 3529 quod
1078 3468 1223 3514 cum
1264 3449 1375 3513 illo
1422 3454 1842 3532 compararet,
1889 3468 2018 3515 non
2061 3468 2142 3513 ex
2185 3447 2410 3513 eodem
2443 3448 2610 3511 bello

508 3549 788 3634 petierit,
854 3569 995 3616 cum
1053 3549 1361 3633 plurimas
1405 3571 1519 3633 per
1559 3557 1762 3618 totam
1801 3550 2058 3615 Italiam
2102 3550 2290 3613 urbes
2333 3548 2400 3613 in
2451 3548 2613 3630 ipsis

509 3652 799 3719 hostibus
843 3652 1003 3720 sitas
1048 3672 1542 3735 commemorare
1586 3653 1845 3737 posset?
1891 3672 2004 3719 cur
2045 3670 2173 3715 non
2213 3650 2610 3732 Aeserniam,

508 3760 643 3820 tam
688 3752 799 3821 diu
859 3760 1081 3821 contra
1116 3754 1415 3821 Mutilum
1458 3755 1844 3823 Samnitium
1897 3754 2342 3837 imperatorem
2395 3751 2610 3821 defeu-

506 3875 668 3939 sam,
688 3876 801 3922 cur
816 3876 943 3924 non
961 3856 1246 3925 Firmum
1264 3858 1555 3925 Hatriam
1573 3854 1910 3925 Luceriam
1929 3856 2360 3925 Beneventum
2379 3855 2614 3921 Nolam

686 4010 727 4076 ²)
765 4008 884 4064 Val.
920 4008 1063 4062 Max.
1098 4006 1163 4072 V,
1199 4008 1247 4071 4,
1284 4008 1331 4063 7.

684 4094 729 4163 8’)
766 4096 831 4151 cf.
868 4094 1098 4163 Kempfii
1130 4094 1371 4163 prolegg.
1404 4094 1474 4148 ad
1508 4094 1866 4148 recensionem
1899 4111 1951 4163 p.
1989 4094 2070 4148 26.

685 4180 729 4249 ⁸)
765 4181 817 4233 b.
852 4182 1025 4235 Hann.
1064 4182 1148 4236 39.
1220 4178 1262 4248 ⁴)
1296 4182 1428 4249 App.
1467 4181 1519 4235 b.
1556 4181 1730 4237 Hann.
1765 4182 1852 4235 38.
