3117 4925
1512 345 1598 411 56

510 547 743 612 civium
779 547 1031 632 animis,
1076 549 1257 615 timet
1292 549 1803 617 adversariorum
1842 550 2343 634 criminationes3
2391 558 2602 619 tamen

506 658 823 733 postremo
886 659 1303 735 posteaquam
1366 654 1503 736 ipse
1569 655 1762 720 classi
1829 655 2186 738 praefectus
2241 655 2604 720 Hasdrubal

507 752 753 835 legatus
790 753 875 816 ad
911 774 1055 820 eum
1092 754 1172 818 de
1202 755 1405 820 reditu
1435 757 1627 840 venit,
1667 758 2048 822 necessitate
2080 763 2337 822 coaetus
2367 779 2602 822 morem

505 855 668 936 gerit
722 856 997 939 patriae;
1064 877 1267 939 neque
1318 878 1468 922 vero
1522 858 1715 923 etiam
1771 865 1920 922 tuuc
1975 861 2190 924 statim
2249 881 2444 947 naves
2491 883 2601 943 pa-

506 965 677 1022 rata-s
722 958 1189 1042 instructasque
1234 960 1299 1024 in
1345 967 1528 1044 portu
1575 961 1976 1026 Crotoniensi
2023 963 2420 1046 conscendit,
2487 962 2600 1028 sed

505 1059 925 1126 exaedificare
971 1060 1359 1144 aggreditur.

676 1162 892 1240 Quid?
939 1163 1109 1246 quod
1142 1164 1524 1230 Plutarchus
1573 1186 1823 1248 quoque
1867 1167 2104 1232 similia
2149 1168 2473 1253 accepisse
2508 1169 2600 1234 vi-

505 1264 703 1348 detur,
754 1285 897 1330 cum
941 1266 1101 1330 haec
1146 1266 1345 1330 dicat:
1372 1268 1418 1349 ¹)

673 1377 1079 1469 ,,Άγησιλάῳ
1115 1383 1347 1467 μέντοι
1386 1378 1580 1450 οὐδὲν
1619 1389 1920 1472 κρεῖσσον
1957 1382 1997 1475 ἢ
2038 1383 2266 1470 μεῖζόν
2305 1387 2446 1454 ἐστι
2491 1390 2603 1479 τῆς

675 1481 1155 1574 αναχωρήσεως
1199 1485 1447 1574 ἐκείνης
1493 1490 2107 1610 διαπεπραγμένοι,
2173 1485 2330 1558 ουδὲ
2380 1489 2603 1576 γέγονε

674 1583 1103 1674 παράδειγμα
1183 1591 1594 1672 πειθαρχίας
1673 1592 1784 1655 καὶ
1865 1588 2288 1679 δικαιοσύνης
2375 1590 2602 1680 ἕτερον

674 1687 836 1754 καλ)
845 1714 964 1756 ιον
1012 1686 1182 1756 ὅπου
1228 1690 1347 1777 γὰρ
1367 1687 1667 1776 Ἀννίβας
1711 1686 1838 1780 η’ὁη
1886 1695 2101 1772 κακῶς
2146 1691 2456 1777 πράττων
2492 1692 2605 1759 καί

674 1817 909 1918 περιω,
889 1788 1142 1876 ίὶοιιιει
1132 1817 1217 1871 ος
1252 1792 1324 1858 ἐκ
1362 1796 1480 1879 τῆς
1502 1789 1789 1872 Ἰταλίας
1821 1791 2006 1877 μάλα
2039 1793 2234 1881 μόγις
2269 1793 2523 1883 ὖπήκοι
2531 1820 2603 1861 σε

671 1899 812 1974 τοῖς
857 1894 974 1961 ἐπὶ
1020 1893 1133 1960 τὸν
1182 1887 1364 1962 οἶκον
1410 1897 1724 1964 καλουσιν
1770 1922 1820 1964 e.
1865 1923 1918 1983 q
1963 1901 2033 1965 8.

676 2016 852 2092 Quae
890 2039 1030 2081 cum
1068 2019 1160 2082 ita
1195 2019 1339 2102 sint„
1380 2020 1473 2084 sic
1509 2020 2173 2102 habeo:qua1nqua1n
2213 2021 2597 2085 deliberasse

500 2108 951 2202 Hannibalem,
1017 2120 1272 2184 domum
1308 2119 1559 2184 rediret
1614 2141 1697 2184 an
1753 2123 1816 2183 in
1861 2123 2053 2185 ltalia
2107 2130 2460 2187 remaneret
2516 2143 2600 2186 an

498 2221 563 2284 in
625 2221 988 2304 Aegyptum
1052 2223 1369 2306 profectus
1431 2221 1886 2286 Alexandriam
1951 2228 2319 2305 occuparet,
2402 2224 2590 2286 certis

500 2323 711 2388 verbis
747 2343 1063 2406 nusquam
1100 2325 1442 2389 memoriae
1480 2323 1779 2388 traditum
1820 2324 1920 2405 sit,
1967 2325 2101 2388 veri
2137 2331 2350 2389 tamen
2389 2323 2596 2389 simile

502 2447 659 2509 esse,
707 2447 849 2493 eum
887 2427 1167 2511 Appiani
1210 2427 1446 2492 fontem
1486 2434 1950 2508 auctoremque,
1999 2427 2108 2508 qui
2145 2427 2591 2509 Hannibalem,

503 2528 756 2593 domum
785 2536 1171 2611 revocatum,
1209 2530 1500 2600 inimicos
1530 2552 1678 2595 suos
1712 2532 2010 2595 metuisse
2039 2538 2360 2595 narrasset
2390 2551 2591 2612 eaque

501 2631 580 2696 de
625 2651 819 2697 eausa
856 2634 1085 2697 reverti
1122 2632 1468 2715 dubita-sse,
1516 2633 1787 2697 eundem
1826 2632 1904 2696 de.
1941 2632 2062 2697 viis
2102 2632 2594 2715 rationibusque,

502 2734 731 2815 quibus
776 2734 843 2797 id
887 2735 1235 2819 periculum
1274 2736 1597 2819 effugeret,
1644 2735 1873 2800 fecisse
1912 2734 2367 2799 deliberantem
2404 2741 2596 2817 atque

500 2836 693 2901 etiam
746 2836 812 2900 id
875 2838 1251 2921 agitantem,
1316 2845 1385 2901 ut
1448 2838 1513 2901 in
1569 2859 1833 2921 regnum
1886 2838 2390 2902 Ptolemaeorum
2450 2844 2598 2902 tune

500 2938 707 3021 ipsum
745 2959 785 3003 a
822 2941 1076 3023 regibus
1110 2941 1337 3025 Syriae
1373 2948 1541 3005 terra
1579 2940 1979 3006 imminutum
2016 2939 2597 3022 labefactatumque

502 3062 641 3105 cum
707 3042 1012 3108 militibus
1070 3044 1201 3109 suis
1254 3044 1572 3108 veteranis
1629 3063 2007 3127 pugnaeque
2059 3042 2458 3125 peritissimis
2515 3043 2598 3106 ab

500 3162 610 3207 ora
674 3145 996 3210 maritima
1061 3146 1363 3229 impetum
1419 3147 1658 3210 faceret
1710 3151 1773 3209 et
1827 3144 2216 3209 Alexandria
2271 3145 2595 3227 potiretur,

499 3265 627 3327 qua.
691 3247 844 3311 urbe
907 3256 969 3312 et
1031 3254 1167 3312 tuto
1232 3249 1331 3313 sui
1384 3248 1585 3331 ipsius
1643 3267 2021 3329 suorumque
2077 3248 2480 3329 receptaculo
2536 3255 2598 3311 et

500 3349 823 3414 domicilio
887 3350 1333 3434 praesidioque
1397 3356 1675 3415 uteretur
1737 3368 1980 3431 eorum,
2047 3356 2354 3431 quotquot
2416 3357 2478 3414 et
2532 3349 2597 3412 in

472 3452 655 3531 ‘Asia
692 3459 755 3516 et
790 3453 857 3515 in
892 3454 1149 3535 Europa
1186 3452 1427 3516 nomini
1446 3454 1731 3515 Romano
1771 3452 1835 3514 in
1873 3450 2007 3516 dies
2045 3452 2186 3535 plus
2222 3452 2597 3515 increscenti

498 3554 857 3620 inviderent
918 3555 1306 3637 iamiamque
1371 3555 1493 3619 sibi
1549 3553 1906 3637 coepissent
1961 3561 2256 3618 metuere.
2347 3554 2596 3617 Novum

500 3658 663 3721 enim
710 3664 773 3722 et
817 3678 1012 3740 grave
1057 3658 1293 3721 bellum
1348 3678 1489 3721 cum
1533 3655 1836 3720 Romanis
1891 3662 2002 3720 aut
2046 3655 2413 3740 Philippum
2457 3655 2594 3721 red-

498 3759 953 3841 integraturum
1000 3767 1111 3826 aut
1153 3760 1533 3825 Antiochum
1595 3759 2013 3824 excitaturum
2068 3759 2198 3822 dux
2242 3759 2594 3823 Poenorum

496 3861 799 3925 Romanis
840 3862 1324 3949 *inimicissimus
1370 3863 1545 3927 nullo
1584 3861 1840 3944 negotio
1879 3862 2092 3926 animo
2128 3862 2592 3945 praesagiebat.

497 3962 721 4046 Neque
782 3965 991 4031 minus
1054 3973 1263 4051 potest
1326 3964 1542 4049 colligi
1598 3966 1680 4030 ab
1736 3963 1958 4029 eodem
2003 3964 2283 4049 Appiani
2338 3970 2594 4027 auctore

672 4152 713 4219 ¹)
750 4152 908 4221 Ages,
948 4152 1028 4215 55,
1066 4152 1114 4207 4.
