3117 4925
1562 364 1647 428 32

719 564 1014 629 voluntate
1049 590 1227 652 quom
1261 571 1510 634 eandem
1543 571 1728 655 leyem
1756 570 1957 656 ferret
1988 581 2073 633 eet
2104 571 2243 633 aliie
2277 594 2335 634 ee
2364 570 2535 656 serre
2568 574 2659 635 di-

721 680 872 733 ceret
897 667 946 747 ¹)
980 680 1232 755 propter
1263 675 1575 735 nominum
1608 674 2139 744 commutationem,
2176 694 2295 737 non
2328 674 2541 746 mles,
2578 686 2663 737 set

720 774 784 835 υἱ
830 775 1033 836 eiectos
1085 796 1144 837 ce
1193 776 1468 839 reducere
1519 776 1779 849 diceban
1829 776 2088 862 proinde
2130 779 2306 860 quasi
2345 778 2415 839 id
2441 776 2663 862 fuisset

719 878 785 938 in
811 879 1226 949 controversia,
1262 900 1378 963 quo
1403 878 1494 941 illi
1518 880 1755 941 nomine
1772 879 2236 964 appellarentur,
2272 890 2382 940 aut
2404 881 2661 965 proinde

722 982 897 1066 quasi
945 1001 1064 1042 non
1116 1002 1339 1052 omnes,
1402 982 1615 1066 quibus
1668 1003 1831 1066 aqua
1870 992 1929 1043 et
1968 983 2097 1065 tyni
2136 983 2517 1043 interdictum
2556 992 2657 1053 est,

723 1084 917 1147 eaeules
950 1082 1338 1169 appellentur.
1379 1106 1585 1147 verum
1617 1084 1708 1146 dli
1727 1082 1990 1168 fortasse
2024 1086 2395 1168 iynoscimua
2441 1086 2495 1147 εἰ
2524 1106 2661 1147 cum

723 1208 904 1249 causa
935 1184 1104 1272 fecit,
1150 1208 1256 1249 noe
1301 1196 1496 1249 tamen
1540 1208 1589 1249 e.
1624 1208 1683 1270 q.
1717 1190 1807 1248 s.“

723 1318 1046 1405 Sulpicius
1081 1327 1295 1386 autem
1329 1326 1670 1405 postquam
1700 1321 1994 1385 consules
2022 1320 2218 1385 ferias
2248 1320 2663 1403 imperativas

551 1423 621 1488 vi
664 1423 985 1504 armisque
1023 1422 1232 1505 coegit
1276 1423 1497 1487 tollere
1542 1429 1606 1486 et
1650 1442 1731 1487 ex
1775 1421 1931 1486 urbe
1976 1420 2321 1505 discedere,
2370 1442 2514 1487 cum
2560 1443 2659 1487 ce-

547 1534 721 1592 teras
775 1524 1139 1607 rogationes
1192 1531 1327 1588 tum
1383 1524 1563 1587 illam
1607 1522 1883 1609 pertulit,
1942 1523 2114 1606 quod
2159 1525 2348 1606 quasi
2388 1524 2664 1610 pretium

551 1635 690 1694 erat
725 1626 1050 1693 societatis
1086 1624 1436 1707 Marianae,
1485 1633 1555 1690 ut
1592 1624 1810 1689 Sullae
1845 1624 2185 1707 imperium
2225 1627 2664 1710 abrogaretur,

519 1716 620 1798 ‘Q
666 1730 870 1797 Mario
930 1727 1182 1813 privato
1235 1749 1350 1812 pro
1403 1728 1665 1793 consule
1718 1727 2051 1810 provincia
2094 1726 2253 1793 Asia
2307 1736 2370 1793 et
2422 1728 2660 1793 bellum

551 1835 995 1902 decerneretur
1037 1829 1556 1895 Mithridaticum.
1648 1830 1813 1894 Tum
1858 1851 2008 1895 vero
2055 1829 2240 1895 Sulla
2282 1830 2660 1913 Pompeius-

551 1959 674 2022 que
720 1936 1014 2002 consules
1060 1954 1202 2009 cum
1245 1933 1607 2017 legionibus
1651 1932 1871 1997 urbem
1915 1932 2194 2015 ingressi
2238 1932 2349 1997 ubi
2386 1932 2658 2018 Sulpicii

549 2038 864 2121 Mariique
909 2037 1161 2101 turbam
1195 2033 1517 2117 fuderunt,
1566 2040 1825 2099 senatus
1864 2033 2137 2098 consulti
2174 2042 2469 2101 auctores
2505 2034 2663 2101 tacti

552 2148 719 2223 sunt,
766 2146 837 2204 ut
873 2139 942 2204 O.
981 2136 1244 2220 Marius,
1280 2136 1352 2201 P.
1393 2134 1716 2219 Sulpicius
1752 2133 1974 2215 decem
2011 2135 2125 2200 alii
2160 2136 2375 2202 hostes
2410 2138 2661 2223 patriae

549 2242 1006 2322 iudicarentur,
1044 2238 1339 2304 libertate
1377 2258 1629 2320 quoque
1666 2237 1982 2319 promissa
2018 2238 2221 2304 servis
2256 2238 2356 2323 iis,
2404 2240 2515 2321 qui
2550 2238 2660 2305 do-

549 2346 758 2412 minos
818 2342 1264 2429 prodidissent.
1373 2339 1561 2419 Quod
1622 2338 1999 2405 Cornificius
2064 2347 2134 2406 ut
2196 2341 2266 2406 in
2330 2340 2399 2407 O.
2456 2342 2661 2407 Mario

551 2448 683 2534 (IV,
720 2448 823 2530 54,
862 2446 945 2512 68
983 2442 1062 2511 cf.
1102 2467 1163 2530 p.
1201 2442 1268 2527 4)
1303 2443 1396 2509 ita
1432 2443 1498 2508 in
1526 2442 1598 2508 P.
1634 2441 1920 2528 Sulpicio
1958 2450 2433 2527 commemorat,
2480 2444 2663 2510 euius

550 2559 820 2619 mortem
858 2549 1239 2634 singillatim
1270 2546 1593 2612 describit.
1653 2545 2007 2631 Sulpicium
2046 2545 2216 2610 enim
2244 2546 2489 2628 equites
2516 2547 2661 2612 sub-

551 2655 757 2725 secuti
792 2655 897 2719 vel
934 2654 1000 2717 in
1021 2649 1431 2715 Laurentinis
1469 2647 1815 2733 paludibus
1850 2649 1955 2714 vel
1991 2649 2058 2713 in
2094 2649 2251 2714 villa
2287 2651 2588 2714 latentem
2608 2647 2663 2731 ²)

551 2782 677 2826 uno
731 2780 768 2823 e
824 2755 1025 2822 servis
1087 2751 1395 2836 prodente
1459 2757 1814 2815 extractum
1875 2752 2343 2834 ingulaverunt.
2452 2751 2663 2834 Atque

550 2869 745 2948 caput
789 2860 927 2924 eius
971 2862 1249 2922 erectum
1295 2859 1359 2918 et
1405 2858 1792 2917 ostentatum
1837 2873 1951 2936 pro
2000 2853 2223 2918 rostris
2260 2853 2437 2917 velut
2473 2873 2661 2917 omen

549 2961 938 3030 imminentis
998 2955 1478 3043 proscriptionis
1531 2954 1683 3038 fuit;
1748 2955 1958 3040 ipsum
2012 2973 2272 3040 coerS,
2338 2961 2409 3019 ut
2453 2955 2551 3020 Ti.
2598 2963 2663 3020 et

553 3067 620 3133 C.
662 3063 1115 3144 Gracchorum,
1155 3057 1485 3125 Saturnini
1520 3057 1793 3122 aliorum
1831 3065 2040 3139 antea,
2088 3058 2153 3121 in
2191 3057 2478 3122 Tiberim
2513 3077 2658 3142 pro-

552 3170 786 3234 iectum
824 3173 921 3232 est
956 3163 1060 3244 (cf.
1081 3163 1188 3243 IV,
1228 3161 1329 3243 22,
1369 3159 1500 3242 31).
1568 3159 1836 3223 Servum
1874 3167 2105 3241 autem,
2145 3159 2255 3239 qui
2290 3157 2658 3242 prodiderat

553 3269 930 3356 Sulpicium,
978 3264 1272 3331 consules
1317 3261 1797 3341 manumissum,
1846 3266 1915 3324 ut
1957 3259 2117 3325 fides
2163 3259 2359 3325 edicti
2395 3267 2659 3344 extaret,

551 3370 965 3460 praecipitari
1009 3367 1297 3453 protinus
1342 3385 1499 3431 saxo
1536 3363 1814 3449 Tarpeio
1863 3383 2006 3428 cum
2050 3363 2219 3448 pileo
2265 3363 2377 3428 illo
2422 3364 2663 3429 scelere

551 3483 738 3564 parto
783 3475 1105 3539 iusserunt
1149 3468 1252 3554 (cf.
1293 3465 1528 3534 Cornif.
1568 3465 1619 3550 Ι,
1660 3465 1761 3548 15,
1800 3463 1930 3549 25).
2014 3463 2198 3530 Unde
2241 3465 2433 3530 facile
2478 3464 2661 3530 intel-

553 3579 810 3663 legitur,
887 3582 1124 3658 quanto
1185 3591 1376 3656 opere
1438 3566 1798 3633 cavendum
1857 3568 2047 3632 fuerit
2110 3566 2500 3651 consulibus,
2582 3589 2663 3633 ne

553 3679 996 3746 defensoribus
1057 3693 1294 3741 causae
1342 3670 1673 3756 popularis
1726 3669 2015 3735 hostibus
2076 3668 2378 3735 iudicatis
2438 3669 2662 3753 populi

558 3783 808 3848 animos
853 3778 1123 3844 nimium
1168 3776 1251 3842 ad
1287 3772 1725 3840 ulciscendum
1765 3773 2121 3856 incitarent,
2166 3772 2403 3857 quippe
2438 3772 2552 3855 qui
2583 3792 2665 3837 ne

726 4004 772 4074 ¹)
807 4002 1026 4056 minime
1065 3998 1370 4066 „dacer-effi,
1423 3993 1565 4064 quod
1611 3993 1899 4047 Hanselius
1940 3991 2166 4047 coniecit
2214 3993 2272 4045 in
2308 3991 2487 4046 Fleck.
2523 3991 2663 4046 Anu.

552 4090 684 4160 phil.
723 4091 792 4144 93
825 4106 878 4157 p.
915 4087 1041 4149 8513
1077 4101 1202 4139 nam
1236 4083 1322 4136 vix
1357 4081 1470 4149 ipse
1507 4079 1777 4148 Sulpicius
1811 4078 1976 4134 duxit.

725 4175 773 4245 ²)
807 4175 948 4230 Vell.
983 4172 1103 4226 Pat.
1140 4170 1210 4234 Π,
1249 4168 1331 4232 19,
1367 4168 1426 4229 1;
1462 4165 1581 4220 Val.
1619 4165 1761 4220 Max.
1798 4163 1892 4229 Vl,
1928 4167 1975 4230 5,
2012 4166 2061 4219 7.
