3117 4925
1561 401 1644 462 23

554 625 777 670 omnes
820 605 1238 688 magistratus
1282 604 1628 685 omniaque
1672 603 1966 668 instituta
1987 600 2277 685 publica,
2325 619 2488 681 quae
2523 595 2667 662 curri

555 708 684 774 illis
740 707 1185 787 cohaererent,
1248 705 1552 787 patuisse.
1644 706 1936 772 Ceterum
1983 703 2224 787 Caepio
2280 719 2668 783 quamquam

556 817 779 874 eontra
838 807 1219 874 sententiam
1282 808 1447 890 legis
1500 809 1744 874 fecerat
1755 859 1770 891 ,
1835 815 2050 872 tamen
2106 805 2362 870 labante
2416 803 2544 868 iam
2603 810 2670 867 et

558 911 829 976 cudente
906 909 1243 993 paullatim
1322 910 1651 975 Saturnini
1741 909 2120 974 auctoritate
2199 906 2450 972 videtur
2527 923 2668 969 esse

559 1013 917 1094 absolutae,
998 1031 1142 1076 cum
1212 1020 1438 1096 postea
1500 1012 1671 1077 Livii
1731 1012 1926 1076 Drusi
1997 1009 2402 1074 adversarius
2479 1006 2670 1073 fuerit

558 1114 748 1196 longe
791 1115 1271 1198 potentissimus
1316 1115 1616 1196 belloque
1661 1113 1916 1178 demum
1961 1112 2188 1178 sociali
2232 1132 2346 1194 per
2399 1108 2670 1176 insidias

558 1217 809 1280 occisus
853 1217 952 1280 sit.
978 1218 1027 1298 ¹)

728 1317 935 1382 Probe
1014 1326 1229 1383 autem
1306 1318 1703 1386 intellexisse
1773 1318 2025 1384 videtur
2087 1315 2464 1384 Cornificius
2535 1314 2665 1378 vim

558 1419 1023 1502 audaciamque
1084 1420 1415 1486 Saturnini
1484 1421 1702 1504 legum
1761 1415 2068 1504 tanquam
2131 1421 2338 1485 lineas
2401 1417 2664 1483 transsi-

556 1523 780 1604 luisse3
826 1530 1043 1589 monet
1078 1525 1265 1605 enim,
1312 1547 1428 1598 „ne
1459 1529 1714 1590 nimium
1741 1528 1958 1614 populi
1977 1525 2324 1612 fheqzaentia
2358 1521 2672 1609 confideret

556 1627 701 1704 (IV,
750 1634 855 1699 54,
896 1627 1040 1706 67).·
1100 1629 1319 1691 inuitos
1377 1631 1568 1692 iacere
1617 1626 1975 1692 Gracchos“.
2081 1626 2482 1706 Quamquam
2546 1623 2666 1686 hoc

558 1726 815 1809 quidem
866 1727 965 1791 illi
1021 1727 1229 1809 magis
1281 1729 1586 1811 ignoscit,
1657 1749 1848 1810 quam
1903 1729 2012 1809 iis,
2075 1747 2344 1808 quorum
2397 1724 2668 1809 perfidia

554 1828 793 1894 vindex
834 1837 1395 1911 propugnatorque
1437 1829 1751 1895 libertatis
1803 1829 2026 1914 populi
2079 1835 2344 1893 necatus
2399 1827 2484 1892 sit
2529 1826 2662 1909 (IV,

560 1931 663 2012 22,
698 1931 827 2006 31).
901 1929 1047 2007 Qua
1088 1930 1155 1994 in
1200 1951 1269 1994 re
1314 1931 1574 1996 omnino
1617 1951 1744 1996 non
1778 1930 2184 2017 reprehendit
2216 1930 2507 2010 Marium,
2557 1929 2668 2010 qui

560 2031 813 2114 quidem
828 2083 843 2114 ,
906 2038 1243 2115 postquam
1306 2034 1510 2117 primo
1573 2033 1910 2099 manifesto
1967 2053 2108 2098 cum
2155 2033 2480 2098 Saturnini
2533 2035 2666 2096 fac-

558 2135 730 2211 tione
770 2133 943 2217 fecit,
989 2143 1203 2200 tamen
1250 2155 1513 2200 causam
1558 2137 1727 2218 eius,
1775 2155 1920 2201 cum
1971 2135 2059 2200 ad
2101 2135 2475 2220 turpissima
2521 2155 2668 2199 con-

558 2235 707 2300 silia
768 2235 1155 2302 descendere
1212 2236 1487 2317 videret,
1558 2237 1868 2319 deseruit,
1943 2237 2058 2303 sed
2118 2259 2298 2302 arma
2361 2237 2672 2304 adversus

559 2337 903 2421 populares
956 2357 1204 2403 sumere
1258 2345 1521 2404 coactus
1575 2359 1726 2404 cum
1763 2339 2050 2422 legitimo
2096 2341 2334 2404 iudicio
2383 2340 2666 2404 commit-

560 2445 695 2505 tere
736 2439 1019 2504 animum
1070 2438 1427 2505 induxisset
1480 2439 1636 2505 data
1687 2440 1814 2507 fide
1858 2441 2120 2525 publica
2163 2443 2232 2506 iu
2277 2443 2670 2509 deditionem

562 2551 861 2628 acceptos
886 2545 957 2607 ut
988 2564 1030 2607 a
1054 2542 1399 2608 furibunda
1424 2552 1793 2609 senatorum
1822 2545 2234 2625 equitumque
2264 2545 2668 2610 multitudine

565 2644 953 2727 defenderet,
999 2644 1067 2708 in
1112 2644 1356 2709 curiam
1398 2646 1741 2711 Hostiliam
1785 2646 2062 2713 inclusit.
2136 2646 2370 2711 Verum
2415 2666 2526 2711 eos
2571 2648 2666 2711 in—

561 2753 799 2829 crepat,
848 2746 959 2828 qui
1002 2747 1403 2813 immemores
1444 2747 1597 2813 fidei
1641 2748 1945 2813 convulso
1990 2756 2158 2814 tecto
2197 2749 2414 2813 curiae
2449 2751 2664 2833 Appu-

560 2849 753 2913 leium
804 2868 948 2913 cum
1004 2849 1163 2930 suis,
1230 2856 1616 2934 praetorem,
1681 2857 2111 2933 quaestorem,
2177 2851 2336 2915 duos
2381 2850 2668 2916 tribunos

556 2951 793 3035 plebis,
872 2951 1123 3015 iniectis
1194 2952 1427 3033 tegulis
1500 2952 1973 3018 interemerunt.
1997 2955 2048 3035 ²)
2157 2955 2334 3019 Haec
2407 2952 2488 3018 de
2551 2954 2665 3018 Sa—

560 3052 835 3117 turnino.

730 3154 1068 3219 Proximus
1120 3155 1205 3219 ab
1261 3154 1381 3219 hoc
1434 3154 1568 3221 dux
1619 3162 1813 3237 atque
1870 3158 2168 3242 princeps
2211 3159 2512 3224 factionis
2557 3181 2667 3242 po-

566 3255 855 3378 pularis63
872 3256 1211 3321 videbatur
1266 3256 1606 3322 Cornificio
1667 3258 1752 3322 Μ.
1817 3259 2041 3325 Livius
2101 3261 2378 3344 DrusuS,
2441 3263 2498 3327 is
2559 3263 2671 3344 qui

562 3378 693 3422 ann
604 3379 733 3423 nno
777 3341 866 3447 ‘353-
910 3357 1301 3423 tribunatum
1336 3360 1554 3441 gessit.
1637 3360 1760 3425 Hie
1803 3382 2050 3427 morum
2095 3383 2206 3428 ser-
2209 3364 2436 3429 eritate
2470 3366 2670 3429 vitae-

561 3480 687 3542 que
763 3459 1131 3543 integritate
1204 3461 1297 3526 ita
1366 3462 1660 3529 omnibus
1729 3465 2108 3547 aequalibus
2177 3466 2520 3551 praestitit,
2604 3473 2674 3531 ut

558 3562 1057 3645 prudentissimo
1098 3571 1165 3629 et
1216 3566 1692 3649 sapientissimo
1747 3567 1974 3650 cuique
2027 3569 2222 3633 etiam
2266 3568 2670 3652 optimatium

559 3666 937 3746 probaretur
996 3666 1503 3749 concordiaeque
1563 3668 1632 3733 in
1692 3690 1764 3734 re
1824 3670 2086 3753 publica
2147 3678 2369 3735 auctor
2419 3672 2671 3737 futurus

560 3765 919 3831 videretur..
989 3767 1393 3853 Quamquam
1448 3779 1664 3837 autem
1725 3774 2020 3857 populari
2081 3774 2346 3839 factioni
2407 3774 2670 3839 minime

562 3886 702 3932 sese
748 3866 1087 3934 addixerat
1128 3908 1212 3917 --
1256 3894 1408 3938 nam
1461 3881 1525 3939 et
1577 3882 1822 3958 patrem
1881 3876 2162 3941 habebat
2215 3897 2360 3943 eum
2406 3878 2515 3958 qui
2559 3878 2666 3942 tri-

733 4108 777 4174 ι)
813 4108 950 4176 App.
988 4109 1040 4161 b.
1076 4124 1119 4163 c.
1157 4110 1197 4173 1,
1234 4111 1318 4165 43.

733 4191 778 4260 ²)
814 4198 955 4263 App.
991 4194 1043 4250 b.
1082 4210 1125 4251 c.
1163 4195 1204 4259 1,
1238 4196 1307 4249 32
1317 4216 1333 4261 ς
1368 4196 1511 4250 Plut.
1548 4198 1680 4253 Mar.
1717 4199 1799 4253 30.
