3117 4925
1477 351 1556 415 12

1307 438 1440 445 .—-—--

459 552 666 637 gium,
733 552 900 636 quod
959 554 1117 638 ipse.
1145 554 1405 619 Cassius
1451 562 1816 639 exceperat,
1880 554 2363 639 perduellionis,
2426 558 2569 641 lege

462 656 685 721 Caelia
757 656 1093 721 tabellaria
1169 656 1317 721 huic
1389 676 1642 739 quoque
1707 657 1943 723 iudicio
2004 658 2307 723 tabellam
2370 658 2565 742 dedit,

462 757 692 823 deinde
753 758 1079 822 inimicum
1141 783 1275 833 ‚,e0,
1340 764 1502 845 qaod
1565 761 1871 847 Tiyurinis
1932 764 2159 826 obsides
2208 765 2501 827 dedisseff‘
2520 760 2568 844 ¹)

465 859 921 946 perduellionis
968 880 1146 925 reum
1187 860 1360 926 fecit.
1450 862 1575 927 Die
1620 862 1796 928 dicta
1839 863 2153 948 Popillius
2194 864 2262 928 in
2304 864 2567 929 exilium

465 964 747 1047 profugit
759 962 808 1045 2)
825 962 1168 1028 Nuceriam
1209 964 1472 1047 eiusque
1513 965 1689 1030 urbis
1726 965 2052 1030 civitatem
2080 965 2351 1050 adeptus
2380 974 2495 1031 est.
2516 966 2567 1047 8)

632 1064 862 1147 Liquet
924 1065 1090 1129 hanc
1151 1066 1360 1149 ipsam
1423 1088 1584 1150 rem,
1649 1088 1775 1131 non
1834 1066 2060 1147 aliam,
2124 1066 2475 1149 significari
2526 1088 2569 1132 a

461 1168 796 1250 scriptore3
846 1167 961 1233 sed
1005 1188 1130 1233 non
1175 1168 1384 1233 minus
1429 1169 1631 1251 liquet
1676 1189 1821 1236 eum
1867 1188 2072 1251 neque
2107 1170 2311 1251 probe
2347 1170 2566 1235 memi-

459 1270 634 1335 nisse
697 1288 902 1333 rerum
966 1270 1173 1353 prima
1233 1270 1672 1337 adulescentia
1734 1277 2023 1335 actarum
2084 1279 2179 1355 et,
2262 1272 2564 1361 quopiam

461 1372 815 1437 rhetoricae
860 1372 1044 1453 artis,
1090 1392 1216 1437 non
1265 1372 1571 1437 historiae
1614 1373 1888 1456 scriptor
1928 1382 2097 1457 erat,
2145 1395 2245 1449 res
2267 1372 2567 1439 minores

463 1474 698 1557 partim
754 1473 1114 1555 neglexisse
1157 1474 1389 1557 partim
1445 1474 1531 1539 ad
1574 1474 1853 1558 exempli
1896 1474 2086 1541 finem
2133 1476 2568 1559 rationemque

461 1573 999 1640 accommodasse.
1090 1573 1232 1638 Huc
1276 1575 1392 1639 illa
1437 1575 1773 1644 referenda
1818 1583 1983 1658 sunt,
2030 1576 2203 1658 quod
2247 1596 2453 1659 neque
2488 1577 2569 1642 de

461 1677 752 1743 obsidum
799 1696 1004 1757 neque
1048 1676 1128 1741 de
1172 1676 1308 1759 iugi
1343 1676 1615 1743 infamia
1651 1678 1914 1743 verbum
1948 1678 2123 1761 fecit,
2172 1679 2287 1744 sed
2320 1686 2568 1745 tantum

459 1780 540 1847 de
582 1778 1055 1861 impedimentis
1099 1779 1347 1845 locutus
1393 1788 1519 1865 est,
1591 1800 1799 1861 neque
1846 1801 1997 1846 vero
2042 1788 2339 1847 accurate
2384 1780 2565 1845 dimi-

459 1882 634 1947 diam
687 1901 905 1947 eorum
959 1888 1232 1964 partem,
1297 1880 1410 1947 sed
1464 1882 1723 1947 omnino
1780 1882 2238 1967 impedimenta
2279 1883 2568 1951 hostibus

460 1983 698 2051 tradita
763 1984 1300 2047 commemoravit.
1405 1984 1632 2065 Itaque
1706 2004 1849 2048 eum
1914 1985 2289 2051 Cornificius
2352 1985 2566 2051 defen-

460 2086 712 2149 dentem
783 2104 852 2149 se
915 2085 1198 2149 oratione
1261 2084 1614 2167 Popillium
1676 2105 1804 2149 non
1867 2086 2055 2150 modo
2115 2088 2223 2169 IV,
2287 2089 2397 2170 24,
2462 2089 2565 2169 34,

461 2206 680 2251 verum
717 2186 909 2251 etiam
945 2187 994 2267 I,
1038 2187 1134 2267 15,
1156 2186 1238 2251 25
1261 2188 1402 2265 (,‚e.25
1437 2190 1859 2274 conparatione
1896 2212 2077 2251 causa
2112 2202 2353 2263 constat,
2391 2213 2570 2275 quom

463 2293 714 2353 diotimus
756 2313 976 2353 ‘necesse
1007 2289 1200 2375 fici-sse
1245 2290 1597 2375 alterutrum
1627 2290 1863 2373 jacere,
1929 2303 1984 2353 et
2027 2293 2110 2363 id,
2157 2294 2321 2377 quod
2358 2292 2571 2377 feceri-

466 2417 621 2468 mus,
686 2395 870 2456 satius
903 2391 1098 2478 fuisse
1137 2390 1364 2478 facere.
1408 2415 1478 2455 ca
1531 2415 1711 2454 causa
1754 2392 2095 2456 huiusmodi
2137 2406 2221 2457 est
2262 2414 2309 2456 e.
2356 2417 2411 2480 q.
2456 2391 2571 2472 s.“)

463 2497 644 2579 facit,
727 2495 989 2560 Orosius
1061 2495 1166 2560 die
1229 2495 1403 2560 dicta
1473 2496 1540 2559 in
1611 2493 1873 2560 exilium
1934 2495 2296 2579 profugisse
2356 2493 2571 2574 tradit,

468 2620 858 2682 quamquam
917 2598 1026 2662 illc
1081 2598 1470 2682 temporibus
1525 2597 1645 2662 fuit
1698 2596 1799 2662 his
1844 2598 2032 2662 rebus
2078 2597 2275 2662 multo
2320 2596 2571 2682 propio-

469 2703 672 2785 ribus,
736 2709 980 2784 tamen,
1053 2721 1195 2764 cum
1267 2700 1372 2763 hic
1434 2689 1953 2783 locupletissimis
2017 2700 2383 2765 auctoribus
2444 2695 2577 2764 fere

469 2811 701 2886 utatur,
740 2803 860 2867 hoc
896 2804 1036 2868 loco
1073 2801 1280 2882 Livio,
1325 2801 1533 2884 magis
1572 2799 1962 2865 credendum
1998 2807 2097 2866 est
2133 2821 2342 2866 rerum
2378 2801 2575 2884 scrip-

471 2907 624 2990 tori,
689 2927 880 2988 quam
935 2910 1419 2990 praeceptorum
1466 2901 1923 2967 rhetoricorum
1965 2901 2197 2968 artifici
2238 2902 2575 2968 materiam

475 3007 752 3090 exempli
795 3028 836 3071 a
879 3006 1102 3090 primis
1148 3006 1380 3072 aetatis
1427 3005 1821 3090 temporibus
1856 3004 2117 3089 petenti.
2190 3005 2397 3070 Immo
2428 3023 2579 3070 vero

474 3109 658 3176 finxit
719 3109 992 3192 scriptor
1053 3107 1567 3190 excogitavitque
1632 3114 1857 3190 suopte
1919 3103 2181 3172 arbitrio
2245 3107 2581 3188 utrobique

477 3211 738 3298 Popillii
783 3209 1234 3276 defensionem.

571 3300 576 3306 ’
653 3313 894 3378 Similis
923 3311 1071 3377 huic
1099 3311 1340 3378 homini
1368 3311 1570 3376 nobili
1595 3310 2006 3396 ignominiosi
2037 3310 2343 3376 facinoris
2363 3327 2582 3375 omnes

483 3415 914 3483 excusationis
945 3435 1174 3480 causas
1205 3414 1330 3480 nisi
1357 3413 1689 3497 ignaviam
1716 3411 2022 3497 afferenti,
2058 3413 2181 3478 fuit
2206 3411 2423 3498 paullo
2441 3417 2587 3496 post

485 3519 559 3598 Q.
601 3517 910 3584 Servilius
955 3517 1214 3604 Caepio.
1287 3515 1386 3582 De
1433 3536 1557 3600 quo
1603 3515 1980 3582 Cornificius
2024 3515 2074 3598 l,
2124 3516 2222 3598 14,
2266 3515 2354 3578 24
2397 3513 2606 3578 haecz‘

654 3640 990 3726 „Paryatio
1033 3650 1141 3712 est,
1205 3661 1382 3724 quom
1433 3637 1692 3700 consulto
1736 3634 1923 3722 ‘negat'
1952 3659 2009 3700 se
2051 3659 2187 3700 reas
2214 3633 2457 3721 jacias&
2517 3654 2589 3696 ea

659 3743 946 3804 dividitur
1009 3743 1071 3803 in
1117 3740 1438 3826 fortham
1489 3741 1784 3826 iupa-aden
1792 3741 1938 3802 tiam
1980 3739 2371 3802 necessitatem
2384 3759 2405 3798 .·
2452 3733 2590 3822 for·

662 3855 894 3916 tanam,
940 3853 1006 3906 ut
1051 3840 1268 3930 Caepio
1309 3845 1394 3906 ad
1439 3843 1701 3905 tribanos
1734 3841 1927 3928 plebis
1970 3843 2043 3906 de
2085 3842 2369 3906 exercitus
2411 3837 2588 3901 amis-

663 3949 822 4011 sione
865 3969 914 4010 e.
957 3971 1014 4032 q.
1059 3954 1147 4009 sf‘

666 4150 710 4218 ¹)
745 4147 895 4203 Oros.
933 4147 1000 4215 V,
1036 4149 1118 4204 15.
1191 4147 1234 4218 ²)
1273 4147 1422 4204 Oros.
1461 4149 1498 4204 1.
1535 4163 1578 4200 c.
1648 4145 1695 4214 ⁸)
1730 4144 1841 4199 Cic.
1878 4161 1974 4214 pro
2008 4144 2180 4200 Balbo
2221 4144 2301 4208 11,
2338 4141 2419 4195 28.
