3117 4925
1468 389 1555 455 54

1308 481 1623 488 ——.-—.—-—-—--.
1641 481 1712 488 ...-

631 594 725 659 Α6
788 594 867 659 (16
930 595 1155 660 ceteris
1218 596 1475 678 quidem
1536 595 1877 680 exemplis,
1949 617 2113 678 quae
2175 596 2259 662 ad
2323 598 2557 663 bellum

460 697 948 762 Hannibalicum
994 705 1299 782 spectant,
1354 720 1479 764 non
1526 707 1658 762 tam
1705 705 1893 781 certe,
1955 717 2147 780 quam
2192 699 2272 764 (16
2317 721 2390 764 eo
2435 721 2559 782 quo

461 799 540 865 de
600 800 1091 884 disputavimus,
1155 821 1306 864 num
1360 801 1646 867 Coelium
1707 807 1961 866 secutus
2025 802 2107 866 sit
2162 801 2556 883 CornificiUS,
2658 874 2664 880 ,

461 910 669 986 potest
730 903 950 968 statui:
1032 909 1242 968 tamen
1320 924 1462 968 cum
1525 923 1730 986 neque
1793 904 2133 985 quicquam
2197 912 2438 988 pugnet
2498 912 2561 971 et

462 1006 679 1088 aliqua
750 1012 916 1071 certe
981 1005 1266 1072 Coelium
1328 1007 1664 1090 resipiant,
1745 1007 1856 1070 vix
1919 1006 2336 1071 dubitandum
2400 1030 2556 1091 reor,

462 1108 613 1190 quin
676 1108 945 1190 scriptor
1006 1109 1309 1190 quicquid
1370 1109 1449 1173 de
1505 1109 1787 1174 eiusdem
1841 1109 1993 1174 belli
2049 1110 2317 1192 singulis
2372 1112 2558 1176 rebus

461 1203 639 1290 sciat,
686 1211 982 1276 sumserit
1026 1233 1106 1276 ex
1151 1213 1372 1278 codem
1418 1233 1623 1278 rerum
1669 1213 1992 1296 scriptore.
2069 1211 2252 1290 Quod
2289 1215 2560 1298 primum

461 1313 733 1395 pertinet
767 1313 851 1378 ad
889 1334 1029 1378 cam
1066 1313 1609 1398 deliberationem,
1650 1335 1814 1397 quae
1849 1317 2066 1399 paullo
2103 1322 2248 1399 post
2278 1335 2558 1398 pugnam

464 1415 860 1481 Cannensem
908 1416 986 1481 de
1042 1417 1311 1501 captivis
1367 1416 1752 1482 redimendis
1797 1417 1863 1481 in
1909 1423 2132 1482 senatu
2178 1417 2398 1484 habita
2443 1424 2555 1484 est.

464 1519 559 1583 De
604 1538 730 1599 qua
777 1517 1149 1584 Cornificius
1195 1519 1331 1602 (III,
1379 1521 1437 1600 2,
1486 1517 1577 1601 2):

632 1641 826 1711 „Item
866 1642 1303 1704 deliberationes
1328 1645 1561 1728 partim
1595 1644 1756 1728 ipsae
1788 1654 2032 1728 propter
2061 1665 2118 1705 se
2145 1643 2561 1704 eousultcmdae

632 1755 783 1814 sunt,
830 1755 895 1804 w}
930 1747 982 1806 .ςί
1016 1745 1289 1807 deliberet
1322 1757 1572 1816 senatus,
1611 1747 1869 1830 captivos
1905 1747 1980 1807 ab
2015 1745 2272 1808 hostibus
2306 1747 2561 1807 redimat

634 1869 714 1906 an
749 1869 895 1918 nom
931 1848 1162 1931 partim.
1199 1869 1245 1909 e.
1283 1869 1338 1931 q.
1374 1853 1461 1908 s.“

635 1963 797 2027 Nam
838 1983 1093 2046 prorsus
1132 1964 1466 2029 refutanda
1504 1972 1600 2031 est
1632 1965 1907 2050 Kayscri
1944 1965 2156 2048 opinio
2195 1964 2558 2030 annotantis

464 2065 547 2128 ad
577 2067 657 2128 M.
682 2065 941 2130 Atilium
974 2067 1283 2148 Regulum
1322 2069 1682 2151 exemplum
1720 2089 1859 2134 csse
1895 2067 2306 2133 referendum.
2381 2069 2560 2130 Tune

466 2167 633 2231 enim
681 2167 759 2232 dc
804 2168 1241 2250 permutandis
1288 2167 1579 2252 captivis,
1626 2189 1752 2232 non
1799 2169 1878 2232 (16
1923 2169 2304 2234 redimendis
2350 2176 2561 2234 actum

464 2289 621 2349 esse,
660 2270 941 2334 omnium
966 2254 1409 2336 historicorum
1436 2270 1502 2335 in
1531 2290 1726 2335 unum
1758 2276 2110 2352 congruunt
2129 2270 2496 2334 sententiae.
2517 2272 2560 2351 ¹)

464 2371 664 2436 Immo
720 2371 800 2436 (16
864 2373 1222 2437 clarissima
1282 2372 1396 2436 illa
1460 2372 1916 2437 deliberatione
1979 2371 2389 2453 cogitandum
2445 2378 2560 2454 est,

466 2494 648 2556 quae,
688 2496 829 2554 cum
866 2482 1123 2541 auctore
1148 2476 1510 2541 Hannibale
1547 2476 1786 2559 captivi
1805 2474 2074 2539 Romani
2103 2480 2246 2557 post
2279 2496 2557 2556 pugnam

467 2576 865 2642 Cannensem
936 2578 1183 2661 legatos
1255 2577 1333 2643 de
1396 2578 1829 2661 redemptione
1891 2578 2158 2640 Romam
2221 2577 2560 2658 misissent,

471 2685 639 2744 statu
687 2680 777 2745 rei
821 2681 1117 2763 publicae
1152 2682 1430 2746 maxime
1468 2680 1706 2745 afflicto
1746 2687 1808 2745 et
1843 2678 2246 2763 impendente
2284 2678 2561 2743 omnium

471 2782 675 2863 ruina,
724 2803 868 2846 cum
924 2788 1183 2847 aeterna
1234 2782 1439 2865 gloria
1483 2783 1734 2866 priseae
1777 2783 2105 2846 Romanae
2148 2782 2398 2847 virtutis
2453 2802 2562 2865 pa-

470 2885 857 2966 tientiaeque
893 2884 1115 2949 habita
1151 2892 1272 2951 est:
1314 2886 1369 2951 si
1405 2884 1662 2967 quidem
1699 2890 1956 2949 senatus
1992 2885 2169 2949 nulla
2203 2890 2295 2947 tot
2332 2884 2564 2949 civium

470 2992 686 3068 totque
721 2988 1079 3071 principum
1117 2988 1487 3070 occisorum,
1536 2987 1714 3051 nulla
1759 2994 1899 3051 octo
1938 2986 2204 3051 millium
2245 3007 2564 3051 servorum

470 3088 883 3172 delectorum,
946 3090 1125 3154 nulla
1182 3090 1417 3154 modici
1430 3141 1445 3173 ,
1510 3109 1634 3171 quo
1689 3088 1912 3154 redimi
1965 3096 2256 3173 poterant
2309 3090 2564 3171 captivi,

469 3191 674 3274 pretii,
721 3192 898 3256 nulla
942 3191 1214 3274 denique
1259 3192 1594 3257 mulierum
1638 3192 2044 3273 virorumque
2091 3212 2233 3255 cum
2269 3190 2418 3255 fletu
2458 3212 2561 3255 611-

470 3293 630 3356 riam
664 3294 1203 3360 circumstantium
1232 3295 1477 3360 ratione
1503 3295 1744 3375 habita,
1785 3300 2041 3378 propter
2059 3294 2263 3378 ipsam
2285 3315 2562 3373 causam,

470 3416 696 3479 nempe
754 3418 831 3462 ne
886 3398 1163 3463 instante
1206 3398 1487 3482 periculo
1536 3398 1706 3463 cives
1753 3396 1898 3481 capi
1943 3397 2024 3460 ab
2071 3396 2354 3462 hostibus
2401 3395 2563 3461 redi-

468 3498 697 3580 mique,
753 3518 944 3579 quam
988 3500 1233 3565 fortiter
1277 3500 1437 3564 mori
1480 3501 1761 3581 mallent,
1822 3518 2024 3580 neque
2069 3498 2321 3582 publice
2364 3518 2567 3579 neque

469 3600 768 3683 privatim
814 3602 1217 3668 redimendos
1266 3603 1557 3687 captivos
1595 3602 1892 3666 decrevit.
1917 3600 1967 3681 2)
2041 3601 2332 3665 Ceterum
2368 3600 2566 3681 liquet

470 3701 535 3765 in
573 3708 703 3766 tam
741 3706 1059 3775 communi
1097 3706 1189 3769 rei
1225 3706 1471 3787 notitia,
1510 3725 1783 3786 quocum
1819 3708 2077 3767 auctore
2115 3703 2348 3767 arctior
2377 3702 2565 3765 inter-

471 3805 656 3869 cedat
702 3807 1037 3871 Oornificio
1082 3808 1483 3875 necessitudo
1530 3828 1657 3872 non
1703 3825 1891 3889 posse
1937 3802 2204 3871 ostendi.

641 4029 685 4098 1)
722 4029 835 4083 Liv.
872 4046 977 4098 per.
1015 4027 1197 4081 XVIII
1234 4030 1331 4083 ete.

640 4113 685 4183 ²)
724 4115 837 4169 Liv.
856 4114 1023 4179 XXII,
1043 4116 1134 4178 583
1160 4112 1294 4185 App.
1314 4114 1364 4166 b.
1384 4114 1556 4172 Hann.
1577 4114 1668 4177 283
1696 4112 1880 4183 Polyb.
1902 4112 1992 4180 VI,
2012 4114 2103 4175 583
2132 4110 2274 4167 Plut.
2295 4110 2454 4165 Marc.
2479 4110 2565 4174 133

469 4201 651 4260 Zonar.
688 4200 779 4265 IX,
816 4200 863 4259 2.
