3117 4925
1466 367 1553 431 40

625 569 1086 638 Difficillimum
1138 578 1259 654 est,
1324 569 1490 636 unde
1551 588 1670 638 sua
1725 573 1991 658 quisque
2045 581 2335 642 auctores
2390 598 2556 643 sum-

452 675 666 758 serint,
705 674 1072 759 disquirere.
1142 673 1313 738 Nam
1350 694 1429 739 ne
1466 673 1791 739 Plutarchi
1840 674 2093 757 quidem
2130 679 2556 764 Appianique,

449 779 562 862 qui
623 778 742 844 soli
817 776 1175 841 accuratius
1238 796 1369 841 rem
1433 773 1782 860 tradidere,
1865 777 2072 844 fontes
2136 781 2244 863 qui
2303 781 2556 865 fuerint,

452 880 743 964 quamvis
798 877 980 944 multi
1035 879 1247 943 conati
1302 884 1449 943 sunt
1502 876 1837 962 indagare,
1907 880 2099 966 plane
2155 881 2555 968 exploratum

448 983 774 1048 habemus.
889 983 1098 1066 Atque
1172 977 1584 1045 Plutarchum
1666 980 1921 1064 quidem
1999 991 2266 1069 apparet
2345 986 2552 1051 animo

446 1083 755 1150 Gracchis
800 1083 1187 1150 amicissimo
1233 1104 1334 1148 res
1371 1082 1453 1147 ab
1488 1082 1568 1148 iis
1604 1091 1822 1166 gestas
1867 1083 2300 1170 descripsisse,
2345 1107 2550 1172 neque

451 1202 641 1270 quem
669 1184 752 1250 ad
780 1185 1035 1250 modum
1053 1185 1369 1269 Wijnnius
1394 1185 1442 1265 ι)
1471 1183 1670 1250 verba
1697 1183 2006 1252 Nitzschii
2027 1187 2077 1267 2)
2107 1186 2308 1272 possit
2337 1196 2554 1253 contra

451 1286 618 1353 hanc
664 1289 1044 1355 sententiam
1088 1287 1332 1369 afferre,
1382 1287 1636 1372 assequi
1681 1293 1960 1372 possum.
2044 1287 2255 1366 Quare
2300 1296 2363 1355 et
2397 1291 2551 1356 Her-

450 1408 722 1456 mannus
756 1391 947 1455 'Peter
968 1391 1020 1472 8)
1067 1397 1128 1455 et
1174 1397 1367 1456 antea
1408 1389 1773 1456 Nitzschius
1789 1391 1841 1472 ⁴²)
1881 1390 2324 1476 Klappiusque
2341 1392 2391 1476 ⁵)
2438 1393 2557 1459 sibi
2639 1471 2644 1474 ¹

446 1500 901 1578 persuaserunt
970 1493 1037 1557 in
1106 1492 1258 1557 vitis
1322 1491 1754 1558 Gracchorum
1818 1492 2227 1558 Plutarchum
2306 1501 2558 1580 praeter

447 1593 786 1680 Polybium
848 1593 1261 1661 Posidonium
1326 1595 1696 1660 Ciceronem
1764 1595 1940 1660 fonte
2003 1595 2304 1681 primario
2371 1603 2552 1663 usum

448 1715 589 1762 esse
634 1695 702 1762 C.
750 1697 981 1762 Fannii
1027 1697 1383 1763 annalibus.
1475 1696 1600 1775 Qui
1647 1717 1789 1761 cum
1833 1697 1902 1762 in
1947 1700 2309 1779 consulatu,
2367 1720 2555 1784 quem

444 1805 704 1865 auctore
750 1799 819 1866 C.
868 1801 1156 1866 Graccho
1218 1799 1489 1886 adeptus
1547 1807 1712 1886 erat,
1777 1801 1986 1883 legem
2040 1800 2175 1866 eius
2230 1800 2309 1866 de
2366 1799 2555 1866 sociis

448 1902 734 1967 oratione
779 1901 1187 1969 dissuasisset
1233 1901 1522 1968 Ciceroni
1566 1903 1842 1967 maxime
1894 1902 2196 1987 probata,
2263 1903 2553 1968 consilio-

445 2025 587 2069 rum
634 2012 849 2070 tamen
895 2005 1086 2070 etiam
1131 2006 1199 2070 in
1244 2003 1584 2070 annalibus
1627 2004 1855 2084 fautor,
1905 2011 1973 2068 ut
2008 2003 2235 2086 fuerat,
2283 2006 2376 2070 ita
2411 2026 2553 2090 per-

450 2105 712 2189 mansit,
778 2105 955 2171 cuius
1008 2107 1098 2172 rei
1152 2105 1325 2171 haud
1377 2107 1508 2172 scio
1553 2127 1638 2170 an
1693 2112 1917 2172 testem
1970 2102 2320 2172 habeamus
2379 2107 2550 2171 locu-

449 2200 868 2293 pletissimum
888 2209 1182 2294 Crispum
1200 2205 1569 2291 Salustium,
1592 2210 1701 2292 qui
1718 2208 2004 2273 veritatis
2025 2204 2279 2274 laudem
2297 2207 2548 2273 Fannio

449 2311 775 2376 attribuat.
798 2311 847 2394 ⁶)
936 2311 1076 2390 Quo
1118 2309 1219 2393 fit,
1269 2317 1337 2376 ut
1380 2309 1564 2376 initio
1607 2309 1987 2375 Plutarchus
2032 2309 2208 2393 leges
2256 2311 2551 2376 consilia·

449 2407 579 2496 vque
630 2413 1062 2481 Gracchorum
1108 2415 1340 2501 'probet
1394 2421 1457 2481 et
1510 2395 1926 2481 saluberrima
1980 2410 2214 2477 iudicet
2271 2419 2332 2478 et
2389 2419 2559 2478 totus

456 2536 598 2581 cum
642 2517 722 2583 iis
766 2518 982 2598 faciat,
1029 2524 1191 2604 post,
1248 2538 1393 2582 cum
1438 2518 1533 2582 illi
1579 2517 1907 2603 popularis
1934 2528 2146 2580 'aurae
2192 2510 2559 2580 retinendae

456 2637 653 2685 causa
698 2640 945 2687 omnem
990 2620 1340 2686 nobilitatis
1386 2620 1830 2685 auctoritatem
1875 2640 1910 2683 e
1955 2604 2210 2685 civitate
2246 2617 2558 2683 sublaturi

461 2714 586 2787 'uisi
638 2721 800 2803 sint,
882 2724 1040 2788 talia
1108 2724 1367 2787 minime
1430 2722 1823 2807 comprobet,
1905 2741 2110 2802 neque
2173 2740 2322 2784 vero
2386 2720 2560 2803 ipsos

453 2824 791 2893 Gracchos
834 2826 1193 2910 exprobret,
1242 2824 1356 2890 sed
1401 2819 1482 2889 M.
1531 2823 1827 2888 Fulvium
1873 2820 2175 2887 Flaccum
2217 2820 2561 2903 instigasse

460 2930 693 2994 Gaium
756 2929 1095 2994 insimulet.
1193 2928 1410 2993 Nihilo
1472 2926 1680 2991 minus
1743 2924 1980 2989 Paulus
2046 2924 2288 2989 Bohme
2309 2926 2357 3007 ⁷)
2419 2920 2562 3008 po'st

348 3062 353 3069 ·
457 3032 579 3096 hos
623 3032 793 3097 viros
838 3030 1058 3095 doctos
1103 3030 1385 3095 effecisse
1430 3050 1498 3095 se
1543 3033 1754 3114 putat,
1801 3026 2212 3091 Plutarchum
2259 3048 2384 3092 non
2430 3033 2558 3091 tam

460 3133 732 3197 annales
788 3131 1159 3198 Fannianos
1222 3169 1302 3178 --
1366 3146 1751 3213 quamquam
1812 3136 2005 3212 negat
2065 3150 2322 3213 prorsus
2382 3128 2562 3193 illum

458 3231 545 3300 iis
588 3232 968 3301 abstinuisse
1012 3270 1097 3281 —·-
1143 3256 1334 3319 quam
1382 3233 1808 3300 Gracchorum
1863 3239 1926 3297 et
1982 3231 2296 3296 orationes
2353 3237 2416 3295 et
2462 3251 2556 3295 re-

458 3336 636 3403 'licua
698 3338 933 3422 scripta
994 3347 1278 3405 secutum
1345 3358 1504 3405 esse.
1615 3336 1822 3401 Tanto
1886 3334 2159 3418 denique
2229 3355 2419 3419 opere
2483 3332 2563 3399 de

638 3568 683 3636 1)
721 3566 785 3621 de
820 3568 923 3621 fide
961 3571 1015 3621 ct
1050 3568 1364 3621 auctoritate
1383 3566 1618 3635 Appiani
1653 3566 1710 3617 in
1745 3564 1904 3617 bellis
1939 3564 2091 3616 Rom.
2129 3562 2376 3615 civilibus
2414 3577 2564 3614 enar-

462 3642 645 3706 randis
682 3654 969 3722 exploratis
1004 3652 1256 3714 fontibuS,
1293 3651 1484 3721 quibus
1518 3668 1648 3703 usus
1686 3666 1800 3703 esse
1836 3650 2047 3703 videtur
2081 3664 2200 3716 pag.
2239 3648 2321 3702 25.

638 3737 685 3807 ¹)
720 3740 824 3793 Die
858 3738 1132 3793 Gracchen
1168 3738 1279 3791 und
1311 3738 1425 3791 ihre
1458 3734 1718 3791 nachsten
1753 3734 2066 3803 Vorganger
2096 3750 2147 3802 p.
2186 3731 2304 3788 443.

639 3824 685 3893 ⁸)
721 3826 821 3879 Die
860 3824 1085 3889 Quellen
1111 3823 1411 3877 Plutarch's
1447 3824 1502 3876 in
1538 3822 1642 3876 den
1671 3820 2028 3889 Biogrtphien
2064 3819 2157 3873 der
2179 3818 2374 3873 Romer
2406 3836 2459 3887 p.
2475 3818 2564 3874 97.

638 3911 684 3978 ⁴¹)
722 3912 758 3966 1.
796 3928 838 3965 c.
874 3928 925 3980 p.
962 3911 1078 3964 455.

639 3996 684 4065 ὓ)
722 3997 786 4051 de
822 3998 1052 4051 vitarum
1086 3995 1231 4049 Plut.
1266 3997 1463 4050 auctor.
1501 3994 1650 4047 Rom.
1686 4010 1806 4062 pag.
1843 3992 1908 4046 21
1949 3994 2003 4045 et
2037 3992 2120 4044 35.

641 4082 686 4151 6)
725 4083 858 4136 Mar.
894 4081 1091 4137 Victor.
1127 4082 1184 4134 in
1220 4080 1327 4137 Cic.
1364 4078 1497 4135 rhet.
1536 4081 1581 4144 1,
1619 4080 1701 4135 20.

641 4168 685 4232 ⁷)
726 4168 974 4237 Beitriige
1010 4184 1055 4220 z.
1092 4164 1282 4222 Gesch.
1320 4166 1370 4222 d.
1408 4166 1680 4221 Gracchen
1713 4180 1888 4233 progr.
1924 4162 2151 4216 Putbus.
