3117 4925
759 1765 1181 1879 Cornificius,
1221 1796 1325 1861 cui
1345 1795 1727 1875 Quintiliani
1762 1794 2145 1861 auctoritate
2179 1801 2531 1861 commotus
2566 1814 2683 1861 suo

586 1899 725 1965 iure
759 1898 1104 1965 Rhetorica
1139 1898 1225 1963 ad
1259 1898 1329 1964 G.
1367 1898 1756 1965 Herennium
1788 1896 2072 1966 restituit
2106 1898 2436 1982 Kayserus
2449 1895 2515 1981 ¹),
2557 1916 2687 1981 qua

585 2006 800 2067 aetate
859 2000 1073 2083 fuerit,
1158 2021 1302 2067 cum
1363 2002 1447 2067 ab
1508 2000 1901 2085 Hieronymo
1972 1990 2199 2066 aliisve
2272 1998 2689 2081 scriptoribus

583 2108 850 2187 propter·
891 2102 1128 2167 falsam
1178 2102 1259 2173 (le
1319 2109 1577 2173 auctore
1620 2103 2103 2170 Rhetoricorum
2148 2100 2513 2186 opinionem
2556 2121 2685 2167 non

589 2203 674 2268 sit
719 2204 1039 2287 traditum,
1089 2225 1170 2269 ex
1210 2205 1352 2287 ipso
1399 2204 1535 2270 eius
1580 2225 1771 2289 opere
1798 2224 2075 2288 ‚necesse
2119 2210 2217 2270 est
2261 2203 2615 2287 colligatur.

753 2305 850 2371 Ae
900 2306 1178 2391 primum
1231 2306 1490 2389 quidem
1543 2326 1673 2371 non
1728 2311 1879 2373 ante
1934 2326 2171 2371 annum
2222 2288 2309 2395 ἓξὲ-
2343 2304 2687 2371 Rhetorica

589 2408 832 2492 scripta
875 2428 1015 2474 esse
1058 2408 1162 2475 vel
1205 2406 1354 2484 inde
1399 2414 1693 2492 apparet,
1734 2407 1905 2492 quod
1940 2406 2211 2492 Sulpicii
2252 2416 2317 2475 et
2349 2408 2455 2474 lex
2490 2427 2683 2492 quae-

585 2509 735 2574 dam
790 2510 1010 2592 aliqua
1067 2531 1148 2576 ex
1189 2517 1370 2596 parte
1413 2510 1809 2594 vituperatur
1857 2510 1965 2594 (II,
2004 2513 2105 2594 28,
2142 2511 2257 2594 45)
2302 2517 2366 2576 et
2410 2531 2683 2577 comme—

582 2618 865 2678 moratur
899 2611 1105 2677 exitus
1142 2609 1216 2694 (I,
1258 2610 1356 2691 15,
1388 2610 1500 2691 253
1536 2609 1643 2692 IV,
1686 2609 1955 2696 22‚,31).
2012 2610 2291 2688 Quartus
2324 2631 2475 2678 vero
2513 2619 2683 2678 certe

581 2715 743 2780 liber
787 2714 980 2780 etiam
1023 2720 1171 2798 post
1215 2712 1468 2780 initium
1505 2712 1660 2780 anni
1690 2695 1778 2803 “g-{³—
1817 2712 2073 2778 videtur
2106 2714 2493 2799 compositus
2538 2733 2683 2780 esse

580 2817 702 2884 hac
743 2817 824 2882 de
861 2837 1076 2883 eausa.
1131 2816 1510 2899 Exemplum
1549 2815 1721 2881 enim
1747 2815 1929 2900 illud,
1968 2836 2092 2898 quo
2120 2817 2451 2884 brevitatis
2474 2815 2685 2899 figura

581 2920 937 2986 illustratur
965 2940 1004 2984 a
1036 2918 1343 3003 scriptore
1363 2918 1494 3002 (IV,
1513 2917 1619 3000 54,
1640 2916 1769 3003 68),
1799 2939 1943 2984 eum
1960 2920 2291 3004 Kayserus
2319 2918 2679 3002 opinionem

578 3019 904 3085 hominum
948 3020 1280 3086 doctorum
1317 3019 1515 3101 (velut
1549 3020 1929 3086 Mommseni
1940 3019 1990 3104 ²)
2034 3040 2236 3102 usque
2274 3020 2360 3088 ad
2394 3027 2677 3088 nostram

578 3129 857 3188 aetatem
901 3142 1298 3188 communem
1345 3129 1599 3188 secutus
1646 3122 1730 3188 ad
1766 3122 2011 3188 Sullam
2052 3123 2360 3188 victorem
2403 3123 2677 3188 referen-

576 3225 737 3290 tium
817 3223 1058 3308 duplici
1135 3224 1486 3308 medicina,
1577 3225 2071 3316 transpositione
2149 3231 2213 3290 et
2282 3223 2677 3308 singulorum

578 3327 915 3392 verborum
953 3327 1361 3410 correctione,
1413 3333 1779 3394 remanente
1823 3334 2038 3393 tamen
2073 3346 2203 3393 non
2238 3325 2473 3410 exigua
2507 3325 2675 3391 diffi-

581 3429 846 3513 cultate,
913 3449 1178 3496 sanasse
1231 3449 1300 3495 se
1369 3435 1685 3514 putasset,
1706 3427 1755 3512 8)
1818 3429 1933 3495 sed
1992 3447 2216 3495 revera
2268 3429 2675 3512 corrupisset,

577 3530 698 3596 hoc
735 3531 990 3598 demum
1025 3539 1310 3616 tempore
1344 3531 1533 3599 homo
1571 3531 1975 3615 sagacissimi
2010 3530 2253 3615 ingenii
2278 3530 2319 3597 J
2321 3529 2597 3595 ordanus
2610 3528 2673 3612 ⁴)

584 3653 618 3698 e
658 3634 948 3699 codicum
983 3634 1276 3718 vestigiis
1318 3633 1414 3698 ita
1449 3633 1725 3700 restituit
1758 3640 1821 3700 et
1856 3632 2167 3717 exposuit,
2224 3639 2294 3697 ut
2327 3632 2505 3698 nulla
2540 3632 2671 3730 alia

744 3835 788 3902 ¹)
837 3835 1082 3890 Cornifiei
1123 3836 1527 3890 Rhetoricorum
1578 3834 1648 3890 ad
1692 3835 1751 3888 G.
1800 3835 2125 3890 Herennium
2175 3835 2300 3890 libri
2332 3834 2423 3891 IV.
2469 3850 2569 3892 rec.
2613 3838 2679 3890 et.

569 3917 950 3988 interpretatus
986 3923 1069 3974 est
1103 3921 1161 3975 C.
1198 3921 1258 3974 L.
1294 3920 1515 3990 Kayser.
1587 3919 1734 3990 Lips.
1773 3919 1909 3974 1854
1943 3935 2066 3992 pag.
2103 3919 2196 3978 VI.

741 4004 785 4074 ²)
831 4005 1112 4060 Romische
1150 4005 1338 4061 Gesch.
1373 4005 1432 4060 II
1467 4021 1590 4074 pag.
1627 4007 1743 4060 343.

741 4089 784 4158 ²)
829 4091 894 4148 cf.
933 4091 1195 4146 animadv.
1232 4090 1266 4144 1.
1305 4107 1346 4144 c.
1383 4107 1437 4160 p.
1475 4091 1593 4144 311.

737 4176 782 4243 ⁴)
829 4178 1009 4234 Herm.
1044 4177 1144 4234 vol.
1181 4176 1314 4230 VIII
1348 4193 1402 4246 p.
1441 4177 1522 4231 77.

2098 4227 2251 4330 .st
