<?xml version="1.0" encoding="UTF-8"?>
<!DOCTYPE html PUBLIC "-//W3C//DTD XHTML 1.0 Transitional//EN"
    "http://www.w3.org/TR/xhtml1/DTD/xhtml1-transitional.dtd">
<html xmlns="http://www.w3.org/1999/xhtml" xml:lang="en" lang="en">
 <head>
  <title>
</title>
<meta http-equiv="Content-Type" content="text/html;charset=utf-8" />
  <meta name='ocr-system' content='tesseract 3.04.00' />
  <meta name='ocr-capabilities' content='ocr_page ocr_carea ocr_par ocr_line ocrx_word'/>
</head>
<body>
  <div class='ocr_page' id='page_1' title='image "./decornificiiauc00bochgoog_0023.png"; bbox 0 0 3117 4925; ppageno 0'>
   <div class='ocr_carea' id='block_1_1' title="bbox 1492 373 1578 438">
    <p class='ocr_par' dir='ltr' id='par_1_1' title="bbox 1492 373 1578 438">
     <span class='ocr_line' id='line_1_1' title="bbox 1492 373 1578 438; baseline 0 -2"><span class='ocrx_word' id='word_1_1' title='bbox 1492 373 1578 438; x_wconf 75' lang='lat'>20</span> 
     </span>
    </p>
   </div>
   <div class='ocr_carea' id='block_1_2' title="bbox 1326 459 1738 468">
    <p class='ocr_par' dir='ltr' id='par_1_2' title="bbox 1326 459 1738 468">
     <span class='ocr_line' id='line_1_2' title="bbox 1326 459 1738 468; baseline 0 0"><span class='ocrx_word' id='word_1_2' title='bbox 1326 459 1738 468; x_wconf 95' lang='lat' dir='ltr'> </span> 
     </span>
    </p>
   </div>
   <div class='ocr_carea' id='block_1_3' title="bbox 472 571 2600 1974">
    <p class='ocr_par' dir='ltr' id='par_1_3' title="bbox 486 571 2600 1066">
     <span class='ocr_line' id='line_1_3' title="bbox 659 571 2600 660; baseline 0.003 -22"><span class='ocrx_word' id='word_1_3' title='bbox 659 571 909 640; x_wconf 77' lang='lat' dir='ltr'>Deinde</span> <span class='ocrx_word' id='word_1_4' title='bbox 972 593 1101 656; x_wconf 80' lang='lat' dir='ltr'>qua</span> <span class='ocrx_word' id='word_1_5' title='bbox 1160 575 1304 658; x_wconf 80' lang='lat' dir='ltr'>lege</span> <span class='ocrx_word' id='word_1_6' title='bbox 1364 581 1622 642; x_wconf 81' lang='lat' dir='ltr'>cautum</span> <span class='ocrx_word' id='word_1_7' title='bbox 1677 591 1818 639; x_wconf 82' lang='lat' dir='ltr'>esse</span> <span class='ocrx_word' id='word_1_8' title='bbox 1871 572 1966 638; x_wconf 69' lang='lat' dir='ltr'>ait</span> <span class='ocrx_word' id='word_1_9' title='bbox 2017 573 2419 659; x_wconf 78' lang='lat' dir='ltr'>Cornificius,</span> <span class='ocrx_word' id='word_1_10' title='bbox 2483 597 2600 660; x_wconf 67' lang='lat' dir='ltr'>ne,</span> 
     </span>
     <span class='ocr_line' id='line_1_4' title="bbox 486 674 2586 760; baseline 0.002 -19"><span class='ocrx_word' id='word_1_11' title='bbox 486 675 599 758; x_wconf 85' lang='lat' dir='ltr'>qui</span> <span class='ocrx_word' id='word_1_12' title='bbox 650 675 735 742; x_wconf 84' lang='lat' dir='ltr'>de</span> <span class='ocrx_word' id='word_1_13' title='bbox 786 675 1076 760; x_wconf 87' lang='lat' dir='ltr'>pecuniis</span> <span class='ocrx_word' id='word_1_14' title='bbox 1118 675 1485 759; x_wconf 74' lang='lat' dir='ltr'><strong>repetundis</strong></span> <span class='ocrx_word' id='word_1_15' title='bbox 1528 674 1872 740; x_wconf 79' lang='lat' dir='ltr'>damnatus</span> <span class='ocrx_word' id='word_1_16' title='bbox 1917 681 2108 758; x_wconf 84' lang='lat' dir='ltr'>esset,</span> <span class='ocrx_word' id='word_1_17' title='bbox 2171 675 2240 740; x_wconf 87' lang='lat' dir='ltr'>in</span> <span class='ocrx_word' id='word_1_18' title='bbox 2283 678 2586 745; x_wconf 87' lang='lat' dir='ltr'>contione</span> 
     </span>
     <span class='ocr_line' id='line_1_5' title="bbox 487 777 2587 859; baseline 0 -15"><span class='ocrx_word' id='word_1_19' title='bbox 487 777 839 844; x_wconf 79' lang='lat' dir='ltr'>orationem</span> <span class='ocrx_word' id='word_1_20' title='bbox 890 777 1179 859; x_wconf 86' lang='lat' dir='ltr'>haberet,</span> <span class='ocrx_word' id='word_1_21' title='bbox 1244 778 1382 843; x_wconf 85' lang='lat' dir='ltr'>sine</span> <span class='ocrx_word' id='word_1_22' title='bbox 1436 777 1631 842; x_wconf 87' lang='lat' dir='ltr'>dubio</span> <span class='ocrx_word' id='word_1_23' title='bbox 1688 777 1794 842; x_wconf 87' lang='lat' dir='ltr'>lex</span> <span class='ocrx_word' id='word_1_24' title='bbox 1846 784 1988 842; x_wconf 80' lang='lat' dir='ltr'>erat</span> <span class='ocrx_word' id='word_1_25' title='bbox 2039 778 2316 845; x_wconf 84' lang='lat' dir='ltr'>Servilia</span> <span class='ocrx_word' id='word_1_26' title='bbox 2365 779 2501 845; x_wconf 78' lang='lat' dir='ltr'>lata</span> <span class='ocrx_word' id='word_1_27' title='bbox 2542 802 2587 846; x_wconf 74' lang='lat' dir='ltr'>a,</span> 
     </span>
     <span class='ocr_line' id='line_1_6' title="bbox 486 864 2586 970; baseline 0.001 -24"><span class='ocrx_word' id='word_1_28' title='bbox 486 880 557 947; x_wconf 84' lang='lat' dir='ltr'>O.</span> <span class='ocrx_word' id='word_1_29' title='bbox 600 879 871 946; x_wconf 84' lang='lat' dir='ltr'>Servilio</span> <span class='ocrx_word' id='word_1_30' title='bbox 906 880 1179 945; x_wconf 75' lang='lat' dir='ltr'><strong>Glaucia</strong></span> <span class='ocrx_word' id='word_1_31' title='bbox 1222 879 1475 946; x_wconf 86' lang='lat' dir='ltr'>tribuno</span> <span class='ocrx_word' id='word_1_32' title='bbox 1520 879 1728 964; x_wconf 89' lang='lat' dir='ltr'>plebis</span> <span class='ocrx_word' id='word_1_33' title='bbox 1771 899 1942 946; x_wconf 85' lang='lat' dir='ltr'>anno</span> <span class='ocrx_word' id='word_1_34' title='bbox 1977 864 2083 970; x_wconf 58' lang='grc' dir='ltr'><em>ξ-ζξ,</em></span> <span class='ocrx_word' id='word_1_35' title='bbox 2127 901 2322 964; x_wconf 69' lang='lat' dir='ltr'>quam</span> <span class='ocrx_word' id='word_1_36' title='bbox 2374 882 2586 968; x_wconf 77' lang='lat' dir='ltr'>ipsam</span> 
     </span>
     <span class='ocr_line' id='line_1_7' title="bbox 486 981 2504 1066; baseline 0.001 -16"><span class='ocrx_word' id='word_1_37' title='bbox 486 983 669 1050; x_wconf 81' lang='lat' dir='ltr'>Sulla</span> <span class='ocrx_word' id='word_1_38' title='bbox 710 981 989 1048; x_wconf 82' lang='lat' dir='ltr'>dictator</span> <span class='ocrx_word' id='word_1_39' title='bbox 1027 1000 1197 1047; x_wconf 82' lang='lat' dir='ltr'>nova</span> <span class='ocrx_word' id='word_1_40' title='bbox 1240 982 1385 1066; x_wconf 86' lang='lat' dir='ltr'>lege</span> <span class='ocrx_word' id='word_1_41' title='bbox 1428 983 1701 1048; x_wconf 77' lang='lat' dir='ltr'><strong>sustulit.</strong></span> <span class='ocrx_word' id='word_1_42' title='bbox 1795 981 1926 1048; x_wconf 85' lang='lat' dir='ltr'>Sed</span> <span class='ocrx_word' id='word_1_43' title='bbox 1969 983 2130 1048; x_wconf 87' lang='lat' dir='ltr'>haec</span> <span class='ocrx_word' id='word_1_44' title='bbox 2173 983 2504 1052; x_wconf 84' lang='lat' dir='ltr'>hactenus.</span> 
     </span>
    </p>

    <p class='ocr_par' dir='ltr' id='par_1_4' title="bbox 472 1082 2594 1974">
     <span class='ocr_line' id='line_1_8' title="bbox 652 1082 2580 1152; baseline 0.001 -1"><span class='ocrx_word' id='word_1_45' title='bbox 652 1082 800 1151; x_wconf 87' lang='lat' dir='ltr'>Nou</span> <span class='ocrx_word' id='word_1_46' title='bbox 834 1091 964 1149; x_wconf 86' lang='lat' dir='ltr'>tam</span> <span class='ocrx_word' id='word_1_47' title='bbox 1002 1084 1329 1149; x_wconf 72' lang='lat' dir='ltr'>acerrimis</span> <span class='ocrx_word' id='word_1_48' title='bbox 1365 1085 1763 1151; x_wconf 84' lang='lat' dir='ltr'>tribunorum</span> <span class='ocrx_word' id='word_1_49' title='bbox 1797 1085 2270 1152; x_wconf 74' lang='lat' dir='ltr'>incursionibus</span> <span class='ocrx_word' id='word_1_50' title='bbox 2303 1086 2580 1152; x_wconf 84' lang='lat' dir='ltr'>insecta-</span> 
     </span>
     <span class='ocr_line' id='line_1_9' title="bbox 480 1185 2594 1271; baseline -0.003 -17"><span class='ocrx_word' id='word_1_51' title='bbox 480 1188 904 1269; x_wconf 85' lang='lat' dir='ltr'>tionibusque‚</span> <span class='ocrx_word' id='word_1_52' title='bbox 948 1205 1080 1252; x_wconf 87' lang='lat' dir='ltr'>uon</span> <span class='ocrx_word' id='word_1_53' title='bbox 1120 1188 1449 1271; x_wconf 86' lang='lat' dir='ltr'>perpetuis</span> <span class='ocrx_word' id='word_1_54' title='bbox 1487 1185 1677 1253; x_wconf 81' lang='lat' dir='ltr'>Marii</span> <span class='ocrx_word' id='word_1_55' title='bbox 1713 1187 2154 1254; x_wconf 88' lang='lat' dir='ltr'>consulatibus</span> <span class='ocrx_word' id='word_1_56' title='bbox 2187 1188 2427 1254; x_wconf 79' lang='lat' dir='ltr'>factum</span> <span class='ocrx_word' id='word_1_57' title='bbox 2461 1195 2594 1271; x_wconf 79' lang='lat' dir='ltr'>cst,.</span> 
     </span>
     <span class='ocr_line' id='line_1_10' title="bbox 478 1289 2580 1376; baseline -0 -19"><span class='ocrx_word' id='word_1_58' title='bbox 478 1299 551 1357; x_wconf 89' lang='lat' dir='ltr'>ut</span> <span class='ocrx_word' id='word_1_59' title='bbox 585 1309 739 1376; x_wconf 88' lang='lat' dir='ltr'>opes</span> <span class='ocrx_word' id='word_1_60' title='bbox 776 1289 1177 1372; x_wconf 79' lang='lat' dir='ltr'>optimatium</span> <span class='ocrx_word' id='word_1_61' title='bbox 1216 1289 1626 1374; x_wconf 83' lang='lat' dir='ltr'>pedetemtim</span> <span class='ocrx_word' id='word_1_62' title='bbox 1659 1291 2106 1374; x_wconf 77' lang='lat' dir='ltr'>frangerentur</span> <span class='ocrx_word' id='word_1_63' title='bbox 2139 1297 2202 1356; x_wconf 89' lang='lat' dir='ltr'>ct</span> <span class='ocrx_word' id='word_1_64' title='bbox 2226 1291 2580 1356; x_wconf 80' lang='lat' dir='ltr'>labefacta·</span> 
     </span>
     <span class='ocr_line' id='line_1_11' title="bbox 478 1392 2578 1478; baseline -0.003 -18"><span class='ocrx_word' id='word_1_65' title='bbox 478 1401 711 1476; x_wconf 87' lang='lat' dir='ltr'>rentur,</span> <span class='ocrx_word' id='word_1_66' title='bbox 743 1411 939 1476; x_wconf 85' lang='lat' dir='ltr'>quam</span> <span class='ocrx_word' id='word_1_67' title='bbox 965 1393 1249 1477; x_wconf 88' lang='lat' dir='ltr'>ipsorum</span> <span class='ocrx_word' id='word_1_68' title='bbox 1265 1393 1636 1478; x_wconf 82' lang='lat' dir='ltr'>impuritate</span> <span class='ocrx_word' id='word_1_69' title='bbox 1653 1413 1900 1458; x_wconf 87' lang='lat' dir='ltr'>morum</span> <span class='ocrx_word' id='word_1_70' title='bbox 1919 1399 1983 1457; x_wconf 89' lang='lat' dir='ltr'>et</span> <span class='ocrx_word' id='word_1_71' title='bbox 1999 1392 2251 1476; x_wconf 85' lang='lat' dir='ltr'>perdita</span> <span class='ocrx_word' id='word_1_72' title='bbox 2267 1392 2578 1472; x_wconf 81' lang='lat' dir='ltr'>nequitia.</span> 
     </span>
     <span class='ocr_line' id='line_1_12' title="bbox 477 1490 2574 1582; baseline -0.003 -21"><span class='ocrx_word' id='word_1_73' title='bbox 477 1495 761 1575; x_wconf 83' lang='lat' dir='ltr'>Quorum</span> <span class='ocrx_word' id='word_1_74' title='bbox 805 1495 931 1560; x_wconf 83' lang='lat' dir='ltr'>duo</span> <span class='ocrx_word' id='word_1_75' title='bbox 974 1494 1129 1560; x_wconf 87' lang='lat' dir='ltr'>belli</span> <span class='ocrx_word' id='word_1_76' title='bbox 1163 1494 1469 1563; x_wconf 75' lang='lat' dir='ltr'>Cimbrici</span> <span class='ocrx_word' id='word_1_77' title='bbox 1502 1493 1912 1582; x_wconf 85' lang='lat' dir='ltr'>temporibus,</span> <span class='ocrx_word' id='word_1_78' title='bbox 1959 1493 2174 1558; x_wconf 82' lang='lat' dir='ltr'>nobile</span> <span class='ocrx_word' id='word_1_79' title='bbox 2219 1511 2338 1575; x_wconf 85' lang='lat' dir='ltr'>par</span> <span class='ocrx_word' id='word_1_80' title='bbox 2371 1490 2574 1574; x_wconf 87' lang='lat' dir='ltr'>parri·</span> 
     </span>
     <span class='ocr_line' id='line_1_13' title="bbox 476 1594 2586 1683; baseline -0.005 -18"><span class='ocrx_word' id='word_1_81' title='bbox 476 1599 783 1683; x_wconf 85' lang='lat' dir='ltr'>cidarum,</span> <span class='ocrx_word' id='word_1_82' title='bbox 820 1617 1107 1664; x_wconf 84' lang='lat' dir='ltr'>summae</span> <span class='ocrx_word' id='word_1_83' title='bbox 1140 1595 1564 1662; x_wconf 82' lang='lat' dir='ltr'>immanitatis</span> <span class='ocrx_word' id='word_1_84' title='bbox 1589 1595 2064 1680; x_wconf 77' lang='lat' dir='ltr'>impietatisque</span> <span class='ocrx_word' id='word_1_85' title='bbox 2089 1594 2378 1660; x_wconf 83' lang='lat' dir='ltr'>facinora</span> <span class='ocrx_word' id='word_1_86' title='bbox 2403 1611 2586 1656; x_wconf 82' lang='lat' dir='ltr'>eom--</span> 
     </span>
     <span class='ocr_line' id='line_1_14' title="bbox 473 1695 2572 1775; baseline -0.005 -6"><span class='ocrx_word' id='word_1_87' title='bbox 473 1703 805 1769; x_wconf 87' lang='lat' dir='ltr'>miserunt:</span> <span class='ocrx_word' id='word_1_88' title='bbox 862 1699 1125 1766; x_wconf 86' lang='lat' dir='ltr'>caedem</span> <span class='ocrx_word' id='word_1_89' title='bbox 1176 1698 1295 1764; x_wconf 86' lang='lat' dir='ltr'>filii</span> <span class='ocrx_word' id='word_1_90' title='bbox 1334 1700 1437 1765; x_wconf 82' lang='lat' dir='ltr'>vir</span> <span class='ocrx_word' id='word_1_91' title='bbox 1478 1699 1803 1765; x_wconf 84' lang='lat' dir='ltr'>censorius</span> <span class='ocrx_word' id='word_1_92' title='bbox 1848 1696 1924 1775; x_wconf 83' lang='lat' dir='ltr'>Q.</span> <span class='ocrx_word' id='word_1_93' title='bbox 1971 1697 2214 1762; x_wconf 85' lang='lat' dir='ltr'>Fabius</span> <span class='ocrx_word' id='word_1_94' title='bbox 2253 1695 2572 1760; x_wconf 84' lang='lat' dir='ltr'>Maximus</span> 
     </span>
     <span class='ocr_line' id='line_1_15' title="bbox 475 1799 2588 1887; baseline -0.005 -15"><span class='ocrx_word' id='word_1_95' title='bbox 475 1805 898 1887; x_wconf 76' lang='lat' dir='ltr'>ServilianuS,</span> <span class='ocrx_word' id='word_1_96' title='bbox 960 1803 1183 1868; x_wconf 85' lang='lat' dir='ltr'>matris</span> <span class='ocrx_word' id='word_1_97' title='bbox 1233 1802 1564 1868; x_wconf 72' lang='lat' dir='ltr'>Publicius</span> <span class='ocrx_word' id='word_1_98' title='bbox 1616 1800 1952 1866; x_wconf 85' lang='lat' dir='ltr'>Malleolus</span> <span class='ocrx_word' id='word_1_99' title='bbox 1967 1849 1982 1880; x_wconf 91' lang='lat'><strong><em>‚</em></strong></span> <span class='ocrx_word' id='word_1_100' title='bbox 2057 1800 2240 1865; x_wconf 88' lang='lat' dir='ltr'>cuius</span> <span class='ocrx_word' id='word_1_101' title='bbox 2299 1799 2588 1863; x_wconf 74' lang='lat' dir='ltr'>maiores-</span> 
     </span>
     <span class='ocr_line' id='line_1_16' title="bbox 472 1902 2570 1974; baseline -0.003 -1"><span class='ocrx_word' id='word_1_102' title='bbox 472 1909 603 1974; x_wconf 88' lang='lat' dir='ltr'>iam</span> <span class='ocrx_word' id='word_1_103' title='bbox 664 1915 813 1974; x_wconf 86' lang='lat' dir='ltr'>ante</span> <span class='ocrx_word' id='word_1_104' title='bbox 874 1907 1111 1971; x_wconf 90' lang='lat' dir='ltr'>bellum</span> <span class='ocrx_word' id='word_1_105' title='bbox 1164 1904 1660 1969; x_wconf 81' lang='lat' dir='ltr'>Hannibalicum</span> <span class='ocrx_word' id='word_1_106' title='bbox 1721 1903 2057 1968; x_wconf 83' lang='lat' dir='ltr'>consulatu</span> <span class='ocrx_word' id='word_1_107' title='bbox 2116 1902 2368 1968; x_wconf 87' lang='lat' dir='ltr'>functos</span> <span class='ocrx_word' id='word_1_108' title='bbox 2427 1919 2570 1966; x_wconf 84' lang='lat' dir='ltr'>csse</span> 
     </span>
    </p>
   </div>
   <div class='ocr_carea' id='block_1_4' title="bbox 469 2004 2574 2091">
    <p class='ocr_par' dir='ltr' id='par_1_5' title="bbox 469 2004 2574 2091">
     <span class='ocr_line' id='line_1_17' title="bbox 469 2004 2574 2091; baseline -0.005 -15"><span class='ocrx_word' id='word_1_109' title='bbox 469 2017 664 2076; x_wconf 84' lang='lat' dir='ltr'>testes</span> <span class='ocrx_word' id='word_1_110' title='bbox 716 2015 863 2075; x_wconf 84' lang='lat' dir='ltr'>suut</span> <span class='ocrx_word' id='word_1_111' title='bbox 916 2008 1070 2074; x_wconf 82' lang='lat' dir='ltr'>fasti</span> <span class='ocrx_word' id='word_1_112' title='bbox 1114 2005 1478 2091; x_wconf 83' lang='lat' dir='ltr'>Capitolini.</span> <span class='ocrx_word' id='word_1_113' title='bbox 1569 2005 1808 2088; x_wconf 80' lang='lat' dir='ltr'>Magna</span> <span class='ocrx_word' id='word_1_114' title='bbox 1863 2005 2125 2070; x_wconf 86' lang='lat' dir='ltr'>alterius</span> <span class='ocrx_word' id='word_1_115' title='bbox 2169 2004 2574 2089; x_wconf 85' lang='lat' dir='ltr'>potissimum</span> 
     </span>
    </p>
   </div>
   <div class='ocr_carea' id='block_1_5' title="bbox 332 2091 2061 2190">
    <p class='ocr_par' dir='ltr' id='par_1_6' title="bbox 332 2091 2061 2190">
     <span class='ocr_line' id='line_1_18' title="bbox 332 2091 2061 2190; baseline -0.004 -13"><span class='ocrx_word' id='word_1_116' title='bbox 332 2091 337 2096; x_wconf 36' lang='lat'>⁸</span> <span class='ocrx_word' id='word_1_117' title='bbox 468 2110 723 2176; x_wconf 85' lang='lat' dir='ltr'>sceleris</span> <span class='ocrx_word' id='word_1_118' title='bbox 764 2109 941 2174; x_wconf 85' lang='lat' dir='ltr'>fama</span> <span class='ocrx_word' id='word_1_119' title='bbox 984 2114 1108 2190; x_wconf 81' lang='lat' dir='ltr'>est3</span> <span class='ocrx_word' id='word_1_120' title='bbox 1155 2106 1235 2172; x_wconf 84' lang='lat' dir='ltr'>de</span> <span class='ocrx_word' id='word_1_121' title='bbox 1280 2125 1407 2188; x_wconf 85' lang='lat' dir='ltr'>quo</span> <span class='ocrx_word' id='word_1_122' title='bbox 1452 2105 1828 2172; x_wconf 83' lang='lat' dir='ltr'>Cornificius</span> <span class='ocrx_word' id='word_1_123' title='bbox 1871 2107 2061 2172; x_wconf 86' lang='lat' dir='ltr'>haec:</span> 
     </span>
    </p>
   </div>
   <div class='ocr_carea' id='block_1_6' title="bbox 632 2245 2654 3155">
    <p class='ocr_par' dir='ltr' id='par_1_7' title="bbox 632 2245 2654 3155">
     <span class='ocr_line' id='line_1_19' title="bbox 638 2245 2654 2328; baseline -0.001 -18"><span class='ocrx_word' id='word_1_124' title='bbox 638 2247 687 2328; x_wconf 87' lang='lat' dir='ltr'>l,</span> <span class='ocrx_word' id='word_1_125' title='bbox 728 2247 828 2326; x_wconf 83' lang='lat'>13,</span> <span class='ocrx_word' id='word_1_126' title='bbox 867 2245 978 2310; x_wconf 82' lang='lat'>23:</span> <span class='ocrx_word' id='word_1_127' title='bbox 1032 2245 1392 2319; x_wconf 77' lang='lat' dir='ltr'>„Malleolus</span> <span class='ocrx_word' id='word_1_128' title='bbox 1433 2245 1734 2307; x_wconf 80' lang='lat' dir='ltr'>iudicatus</span> <span class='ocrx_word' id='word_1_129' title='bbox 1779 2257 1865 2308; x_wconf 87' lang='lat' dir='ltr'>est</span> <span class='ocrx_word' id='word_1_130' title='bbox 1905 2256 2158 2308; x_wconf 84' lang='lat' dir='ltr'>matrem</span> <span class='ocrx_word' id='word_1_131' title='bbox 2201 2251 2463 2308; x_wconf 78' lang='lat' dir='ltr'>necasse:</span> <span class='ocrx_word' id='word_1_132' title='bbox 2519 2247 2576 2307; x_wconf 81' lang='lat' dir='ltr'>ei</span> <span class='ocrx_word' id='word_1_133' title='bbox 2650 2316 2654 2321; x_wconf 23' lang='lat'><strong>¹</strong></span> 
     </span>
     <span class='ocr_line' id='line_1_20' title="bbox 636 2347 2569 2434; baseline -0.002 -21"><span class='ocrx_word' id='word_1_134' title='bbox 636 2351 921 2413; x_wconf 87' lang='lat' dir='ltr'>damnato</span> <span class='ocrx_word' id='word_1_135' title='bbox 956 2351 1155 2411; x_wconf 81' lang='lat' dir='ltr'>statim</span> <span class='ocrx_word' id='word_1_136' title='bbox 1176 2347 1487 2434; x_wconf 82' lang='lat' dir='ltr'>folliculus</span> <span class='ocrx_word' id='word_1_137' title='bbox 1512 2347 1756 2434; x_wconf 77' lang='lat' dir='ltr'>lupinus</span> <span class='ocrx_word' id='word_1_138' title='bbox 1791 2347 1882 2427; x_wconf 83' lang='lat' dir='ltr'>(in</span> <span class='ocrx_word' id='word_1_139' title='bbox 1917 2347 2007 2427; x_wconf 82' lang='lat' dir='ltr'>os)</span> <span class='ocrx_word' id='word_1_140' title='bbox 2045 2359 2101 2411; x_wconf 87' lang='lat' dir='ltr'>et</span> <span class='ocrx_word' id='word_1_141' title='bbox 2133 2347 2320 2411; x_wconf 78' lang='lat' dir='ltr'>soleae</span> <span class='ocrx_word' id='word_1_142' title='bbox 2345 2347 2569 2434; x_wconf 67' lang='lat' dir='ltr'>liqueae</span> 
     </span>
     <span class='ocr_line' id='line_1_21' title="bbox 641 2449 2572 2539; baseline -0.001 -24"><span class='ocrx_word' id='word_1_143' title='bbox 641 2449 733 2532; x_wconf 84' lang='lat' dir='ltr'>(in</span> <span class='ocrx_word' id='word_1_144' title='bbox 778 2451 988 2539; x_wconf 82' lang='lat' dir='ltr'>pedes)</span> <span class='ocrx_word' id='word_1_145' title='bbox 1041 2451 1315 2515; x_wconf 82' lang='lat' dir='ltr'>inductae</span> <span class='ocrx_word' id='word_1_146' title='bbox 1368 2464 1521 2515; x_wconf 84' lang='lat' dir='ltr'>sunt.</span> <span class='ocrx_word' id='word_1_147' title='bbox 1582 2454 1648 2515; x_wconf 85' lang='lat' dir='ltr'>in</span> <span class='ocrx_word' id='word_1_148' title='bbox 1709 2476 1998 2516; x_wconf 76' lang='lat' dir='ltr'>carcerem</span> <span class='ocrx_word' id='word_1_149' title='bbox 2051 2453 2260 2515; x_wconf 83' lang='lat' dir='ltr'>ductus</span> <span class='ocrx_word' id='word_1_150' title='bbox 2312 2464 2412 2516; x_wconf 84' lang='lat' dir='ltr'>est.</span> <span class='ocrx_word' id='word_1_151' title='bbox 2466 2453 2572 2537; x_wconf 81' lang='lat' dir='ltr'>qui</span> 
     </span>
     <span class='ocr_line' id='line_1_22' title="bbox 638 2555 2581 2642; baseline -0.001 -23"><span class='ocrx_word' id='word_1_152' title='bbox 638 2555 1032 2642; x_wconf 79' lang='lat' dir='ltr'>defendebant</span> <span class='ocrx_word' id='word_1_153' title='bbox 1073 2577 1233 2627; x_wconf 90' lang='lat' dir='ltr'>eum,</span> <span class='ocrx_word' id='word_1_154' title='bbox 1300 2556 1529 2619; x_wconf 83' lang='lat' dir='ltr'>tabulas</span> <span class='ocrx_word' id='word_1_155' title='bbox 1581 2558 1647 2619; x_wconf 81' lang='lat' dir='ltr'>in</span> <span class='ocrx_word' id='word_1_156' title='bbox 1690 2578 1982 2619; x_wconf 76' lang='lat' dir='ltr'>carcerem</span> <span class='ocrx_word' id='word_1_157' title='bbox 2024 2556 2335 2642; x_wconf 87' lang='lat' dir='ltr'>adferunt,</span> <span class='ocrx_word' id='word_1_158' title='bbox 2401 2566 2581 2618; x_wconf 86' lang='lat' dir='ltr'>testa·-</span> 
     </span>
     <span class='ocr_line' id='line_1_23' title="bbox 634 2658 2573 2745; baseline -0.002 -22"><span class='ocrx_word' id='word_1_159' title='bbox 634 2670 896 2723; x_wconf 90' lang='lat' dir='ltr'>mentum</span> <span class='ocrx_word' id='word_1_160' title='bbox 929 2661 1060 2745; x_wconf 77' lang='lat' dir='ltr'>ipso</span> <span class='ocrx_word' id='word_1_161' title='bbox 1086 2668 1397 2743; x_wconf 77' lang='lat' dir='ltr'>praesente</span> <span class='ocrx_word' id='word_1_162' title='bbox 1433 2658 1818 2731; x_wconf 76' lang='lat' dir='ltr'>conscribunt,</span> <span class='ocrx_word' id='word_1_163' title='bbox 1859 2670 2021 2723; x_wconf 84' lang='lat' dir='ltr'>testes</span> <span class='ocrx_word' id='word_1_164' title='bbox 2047 2670 2196 2722; x_wconf 84' lang='lat' dir='ltr'>recte</span> <span class='ocrx_word' id='word_1_165' title='bbox 2221 2658 2573 2744; x_wconf 83' lang='lat' dir='ltr'>adfuerunt.</span> 
     </span>
     <span class='ocr_line' id='line_1_24' title="bbox 638 2760 2568 2847; baseline -0.002 -22"><span class='ocrx_word' id='word_1_166' title='bbox 638 2764 707 2825; x_wconf 88' lang='lat' dir='ltr'>de</span> <span class='ocrx_word' id='word_1_167' title='bbox 750 2762 851 2824; x_wconf 83' lang='lat' dir='ltr'>illo</span> <span class='ocrx_word' id='word_1_168' title='bbox 894 2760 1249 2847; x_wconf 78' lang='lat' dir='ltr'>suppliciwn</span> <span class='ocrx_word' id='word_1_169' title='bbox 1304 2763 1557 2823; x_wconf 81' lang='lat' dir='ltr'>sumitur</span> <span class='ocrx_word' id='word_1_170' title='bbox 1570 2785 1590 2823; x_wconf 90' lang='lat'><em>:</em></span> <span class='ocrx_word' id='word_1_171' title='bbox 1653 2761 1718 2824; x_wconf 75' lang='lat' dir='ltr'>hi</span> <span class='ocrx_word' id='word_1_172' title='bbox 1760 2765 1866 2847; x_wconf 79' lang='lat' dir='ltr'>qui</span> <span class='ocrx_word' id='word_1_173' title='bbox 1903 2762 2140 2825; x_wconf 75' lang='lat' dir='ltr'>heredes</span> <span class='ocrx_word' id='word_1_174' title='bbox 2183 2774 2356 2825; x_wconf 85' lang='lat' dir='ltr'>erant</span> <span class='ocrx_word' id='word_1_175' title='bbox 2397 2772 2568 2825; x_wconf 84' lang='lat' dir='ltr'>testa-</span> 
     </span>
     <span class='ocr_line' id='line_1_25' title="bbox 632 2862 2570 2951; baseline -0.001 -24"><span class='ocrx_word' id='word_1_176' title='bbox 632 2874 851 2951; x_wconf 89' lang='lat' dir='ltr'>ment0,</span> <span class='ocrx_word' id='word_1_177' title='bbox 908 2862 1288 2926; x_wconf 73' lang='lat' dir='ltr'>hereditatem</span> <span class='ocrx_word' id='word_1_178' title='bbox 1331 2864 1586 2926; x_wconf 81' lang='lat' dir='ltr'>adeunt.-</span> <span class='ocrx_word' id='word_1_179' title='bbox 1635 2862 1840 2948; x_wconf 84' lang='lat' dir='ltr'>frater</span> <span class='ocrx_word' id='word_1_180' title='bbox 1881 2867 2077 2927; x_wconf 86' lang='lat' dir='ltr'>minor</span> <span class='ocrx_word' id='word_1_181' title='bbox 2122 2863 2417 2936; x_wconf 83' lang='lat' dir='ltr'>Malleoli,</span> <span class='ocrx_word' id='word_1_182' title='bbox 2464 2866 2570 2949; x_wconf 83' lang='lat' dir='ltr'>qui</span> 
     </span>
     <span class='ocr_line' id='line_1_26' title="bbox 634 2967 2564 3053; baseline 0.001 -25"><span class='ocrx_word' id='word_1_183' title='bbox 634 2988 767 3029; x_wconf 90' lang='lat' dir='ltr'>eum</span> <span class='ocrx_word' id='word_1_184' title='bbox 818 2976 1263 3053; x_wconf 72' lang='lat' dir='ltr'>oppuynaverat</span> <span class='ocrx_word' id='word_1_185' title='bbox 1312 2968 1376 3028; x_wconf 83' lang='lat' dir='ltr'>in</span> <span class='ocrx_word' id='word_1_186' title='bbox 1427 2968 1551 3029; x_wconf 83' lang='lat' dir='ltr'>eius</span> <span class='ocrx_word' id='word_1_187' title='bbox 1591 2968 1858 3053; x_wconf 76' lang='lat' dir='ltr'>periculo</span> <span class='ocrx_word' id='word_1_188' title='bbox 1911 2990 2082 3029; x_wconf 85' lang='lat' dir='ltr'>suam</span> <span class='ocrx_word' id='word_1_189' title='bbox 2134 2979 2301 3030; x_wconf 86' lang='lat' dir='ltr'>vocat</span> <span class='ocrx_word' id='word_1_190' title='bbox 2341 2967 2564 3031; x_wconf 76' lang='lat' dir='ltr'>heredi-</span> 
     </span>
     <span class='ocr_line' id='line_1_27' title="bbox 634 3069 1411 3155; baseline -0.003 -23"><span class='ocrx_word' id='word_1_191' title='bbox 634 3080 813 3133; x_wconf 90' lang='lat' dir='ltr'>tatem</span> <span class='ocrx_word' id='word_1_192' title='bbox 856 3069 975 3155; x_wconf 69' lang='lat' dir='ltr'>leqe</span> <span class='ocrx_word' id='word_1_193' title='bbox 1018 3071 1411 3154; x_wconf 71' lang='lat' dir='ltr'>aynationis“.</span> 
     </span>
    </p>
   </div>
   <div class='ocr_carea' id='block_1_7' title="bbox 459 3203 2572 4006">
    <p class='ocr_par' dir='ltr' id='par_1_8' title="bbox 459 3203 2572 4006">
     <span class='ocr_line' id='line_1_28' title="bbox 632 3203 2572 3288; baseline -0.001 -19"><span class='ocrx_word' id='word_1_194' title='bbox 632 3204 1075 3287; x_wconf 85' lang='lat' dir='ltr'>Perpetratum</span> <span class='ocrx_word' id='word_1_195' title='bbox 1115 3210 1329 3269; x_wconf 87' lang='lat' dir='ltr'>autem</span> <span class='ocrx_word' id='word_1_196' title='bbox 1365 3210 1463 3269; x_wconf 87' lang='lat' dir='ltr'>est</span> <span class='ocrx_word' id='word_1_197' title='bbox 1495 3204 1747 3273; x_wconf 87' lang='lat' dir='ltr'>facinus</span> <span class='ocrx_word' id='word_1_198' title='bbox 1782 3203 1868 3269; x_wconf 89' lang='lat' dir='ltr'>ad</span> <span class='ocrx_word' id='word_1_199' title='bbox 1902 3204 2063 3269; x_wconf 88' lang='lat' dir='ltr'>illud</span> <span class='ocrx_word' id='word_1_200' title='bbox 2098 3211 2346 3288; x_wconf 89' lang='lat' dir='ltr'>tempus</span> <span class='ocrx_word' id='word_1_201' title='bbox 2381 3204 2572 3269; x_wconf 83' lang='lat' dir='ltr'>inan--</span> 
     </span>
     <span class='ocr_line' id='line_1_29' title="bbox 463 3288 2563 3396; baseline 0.001 -24"><span class='ocrx_word' id='word_1_202' title='bbox 463 3306 667 3374; x_wconf 85' lang='lat' dir='ltr'>ditum</span> <span class='ocrx_word' id='word_1_203' title='bbox 688 3306 737 3389; x_wconf 90' lang='lat'>1)</span> <span class='ocrx_word' id='word_1_204' title='bbox 794 3326 961 3373; x_wconf 86' lang='lat' dir='ltr'>anno</span> <span class='ocrx_word' id='word_1_205' title='bbox 1016 3288 1123 3396; x_wconf 46' lang='grc' dir='ltr'>ἓξ,</span> <span class='ocrx_word' id='word_1_206' title='bbox 1186 3307 1245 3371; x_wconf 91' lang='lat' dir='ltr'>si</span> <span class='ocrx_word' id='word_1_207' title='bbox 1308 3306 1564 3389; x_wconf 88' lang='lat' dir='ltr'>quidem</span> <span class='ocrx_word' id='word_1_208' title='bbox 1617 3305 1880 3373; x_wconf 85' lang='lat' dir='ltr'>Orosius</span> <span class='ocrx_word' id='word_1_209' title='bbox 1901 3305 1948 3390; x_wconf 75' lang='lat'>2)</span> <span class='ocrx_word' id='word_1_210' title='bbox 2003 3307 2198 3373; x_wconf 84' lang='lat' dir='ltr'>tradit</span> <span class='ocrx_word' id='word_1_211' title='bbox 2257 3314 2434 3373; x_wconf 89' lang='lat' dir='ltr'>tanto</span> <span class='ocrx_word' id='word_1_212' title='bbox 2489 3328 2563 3374; x_wconf 91' lang='lat' dir='ltr'>eo</span> 
     </span>
     <span class='ocr_line' id='line_1_30' title="bbox 463 3409 2562 3495; baseline 0 -20"><span class='ocrx_word' id='word_1_213' title='bbox 463 3409 791 3495; x_wconf 87' lang='lat' dir='ltr'>perculsos</span> <span class='ocrx_word' id='word_1_214' title='bbox 836 3428 976 3475; x_wconf 90' lang='lat' dir='ltr'>esse</span> <span class='ocrx_word' id='word_1_215' title='bbox 1022 3410 1195 3475; x_wconf 86' lang='lat' dir='ltr'>cives</span> <span class='ocrx_word' id='word_1_216' title='bbox 1238 3416 1499 3491; x_wconf 85' lang='lat' dir='ltr'>terrore,</span> <span class='ocrx_word' id='word_1_217' title='bbox 1555 3416 1626 3475; x_wconf 88' lang='lat' dir='ltr'>ut</span> <span class='ocrx_word' id='word_1_218' title='bbox 1669 3409 1860 3476; x_wconf 88' lang='lat' dir='ltr'>Marii</span> <span class='ocrx_word' id='word_1_219' title='bbox 1901 3410 2289 3494; x_wconf 85' lang='lat' dir='ltr'>triumphum</span> <span class='ocrx_word' id='word_1_220' title='bbox 2331 3412 2562 3477; x_wconf 89' lang='lat' dir='ltr'>Roma-</span> 
     </span>
     <span class='ocr_line' id='line_1_31' title="bbox 461 3511 2564 3594; baseline 0 -17"><span class='ocrx_word' id='word_1_221' title='bbox 461 3532 737 3593; x_wconf 86' lang='lat' dir='ltr'>namque</span> <span class='ocrx_word' id='word_1_222' title='bbox 780 3511 1115 3577; x_wconf 88' lang='lat' dir='ltr'>victoriam</span> <span class='ocrx_word' id='word_1_223' title='bbox 1130 3563 1145 3594; x_wconf 90' lang='lat'><strong>,</strong></span> <span class='ocrx_word' id='word_1_224' title='bbox 1200 3532 1387 3577; x_wconf 86' lang='lat' dir='ltr'>versa</span> <span class='ocrx_word' id='word_1_225' title='bbox 1430 3512 1497 3576; x_wconf 89' lang='lat' dir='ltr'>in</span> <span class='ocrx_word' id='word_1_226' title='bbox 1540 3512 1865 3577; x_wconf 89' lang='lat' dir='ltr'>horrorem</span> <span class='ocrx_word' id='word_1_227' title='bbox 1910 3532 1988 3577; x_wconf 89' lang='lat' dir='ltr'>ac</span> <span class='ocrx_word' id='word_1_228' title='bbox 2032 3532 2383 3577; x_wconf 89' lang='lat' dir='ltr'>maerorem</span> <span class='ocrx_word' id='word_1_229' title='bbox 2427 3520 2564 3577; x_wconf 87' lang='lat' dir='ltr'>tota</span> 
     </span>
     <span class='ocr_line' id='line_1_32' title="bbox 461 3614 2564 3699; baseline 0 -20"><span class='ocrx_word' id='word_1_230' title='bbox 461 3616 635 3697; x_wconf 88' lang='lat' dir='ltr'>urbe,</span> <span class='ocrx_word' id='word_1_231' title='bbox 683 3634 887 3699; x_wconf 88' lang='lat' dir='ltr'>paene</span> <span class='ocrx_word' id='word_1_232' title='bbox 930 3614 1292 3679; x_wconf 86' lang='lat' dir='ltr'>fuscaverit.</span> <span class='ocrx_word' id='word_1_233' title='bbox 1366 3614 1452 3679; x_wconf 86' lang='lat' dir='ltr'>Ut</span> <span class='ocrx_word' id='word_1_234' title='bbox 1494 3614 1691 3697; x_wconf 88' lang='lat' dir='ltr'>igitur</span> <span class='ocrx_word' id='word_1_235' title='bbox 1731 3616 1975 3679; x_wconf 86' lang='lat' dir='ltr'>Romae</span> <span class='ocrx_word' id='word_1_236' title='bbox 2011 3614 2081 3679; x_wconf 90' lang='lat' dir='ltr'>L.</span> <span class='ocrx_word' id='word_1_237' title='bbox 2120 3614 2382 3679; x_wconf 87' lang='lat' dir='ltr'>Hostius</span> <span class='ocrx_word' id='word_1_238' title='bbox 2418 3620 2564 3697; x_wconf 86' lang='lat' dir='ltr'>post</span> 
     </span>
     <span class='ocr_line' id='line_1_33' title="bbox 461 3715 2564 3800; baseline -0 -18"><span class='ocrx_word' id='word_1_239' title='bbox 461 3717 698 3782; x_wconf 88' lang='lat' dir='ltr'>bellum</span> <span class='ocrx_word' id='word_1_240' title='bbox 741 3716 1237 3783; x_wconf 86' lang='lat' dir='ltr'>Hannibalicum</span> <span class='ocrx_word' id='word_1_241' title='bbox 1297 3716 1537 3800; x_wconf 87' lang='lat' dir='ltr'>primus</span> <span class='ocrx_word' id='word_1_242' title='bbox 1589 3716 1799 3781; x_wconf 83' lang='lat' dir='ltr'>factus</span> <span class='ocrx_word' id='word_1_243' title='bbox 1852 3722 1964 3780; x_wconf 89' lang='lat' dir='ltr'>est·</span> <span class='ocrx_word' id='word_1_244' title='bbox 1993 3716 2337 3800; x_wconf 85' lang='lat' dir='ltr'>patricida,</span> <span class='ocrx_word' id='word_1_245' title='bbox 2359 3715 2408 3799; x_wconf 74' lang='lat'>⁸)</span> <span class='ocrx_word' id='word_1_246' title='bbox 2471 3716 2564 3781; x_wconf 88' lang='lat' dir='ltr'>ita</span> 
     </span>
     <span class='ocr_line' id='line_1_34' title="bbox 459 3817 2572 3903; baseline 0 -20"><span class='ocrx_word' id='word_1_247' title='bbox 459 3817 799 3883; x_wconf 86' lang='lat' dir='ltr'>matricida</span> <span class='ocrx_word' id='word_1_248' title='bbox 842 3819 1083 3902; x_wconf 87' lang='lat' dir='ltr'>primus</span> <span class='ocrx_word' id='word_1_249' title='bbox 1128 3819 1249 3883; x_wconf 85' lang='lat' dir='ltr'>fuit</span> <span class='ocrx_word' id='word_1_250' title='bbox 1290 3818 1644 3883; x_wconf 89' lang='lat' dir='ltr'>Malleolus.</span> <span class='ocrx_word' id='word_1_251' title='bbox 1717 3818 1942 3899; x_wconf 89' lang='lat' dir='ltr'>Neque</span> <span class='ocrx_word' id='word_1_252' title='bbox 1987 3821 2193 3886; x_wconf 88' lang='lat' dir='ltr'>scelus</span> <span class='ocrx_word' id='word_1_253' title='bbox 2238 3819 2572 3903; x_wconf 80' lang='lat' dir='ltr'>singulare</span> 
     </span>
     <span class='ocr_line' id='line_1_35' title="bbox 461 3920 2560 4006; baseline -0.001 -21"><span class='ocrx_word' id='word_1_254' title='bbox 461 3920 773 4003; x_wconf 86' lang='lat' dir='ltr'>singulari</span> <span class='ocrx_word' id='word_1_255' title='bbox 823 3941 1031 4004; x_wconf 88' lang='lat' dir='ltr'>poena</span> <span class='ocrx_word' id='word_1_256' title='bbox 1088 3921 1317 3986; x_wconf 87' lang='lat' dir='ltr'>caruit:</span> <span class='ocrx_word' id='word_1_257' title='bbox 1384 3940 1547 4002; x_wconf 89' lang='lat' dir='ltr'>quae</span> <span class='ocrx_word' id='word_1_258' title='bbox 1603 3920 1814 4001; x_wconf 89' lang='lat' dir='ltr'>qualis</span> <span class='ocrx_word' id='word_1_259' title='bbox 1857 3921 2076 4006; x_wconf 84' lang='lat' dir='ltr'>fuerit,</span> <span class='ocrx_word' id='word_1_260' title='bbox 2139 3924 2298 3988; x_wconf 88' lang='lat' dir='ltr'>satis</span> <span class='ocrx_word' id='word_1_261' title='bbox 2341 3928 2560 3986; x_wconf 88' lang='lat' dir='ltr'>notum</span> 
     </span>
    </p>
   </div>
   <div class='ocr_carea' id='block_1_8' title="bbox 455 4082 870 4097">
    <p class='ocr_par' dir='ltr' id='par_1_9' title="bbox 455 4082 870 4097">
     <span class='ocr_line' id='line_1_36' title="bbox 455 4082 870 4097; baseline 0 828"><span class='ocrx_word' id='word_1_262' title='bbox 455 4082 870 4097; x_wconf 95' lang='lat' dir='ltr'> </span> 
     </span>
    </p>
   </div>
   <div class='ocr_carea' id='block_1_9' title="bbox 634 4172 2187 4245">
    <p class='ocr_par' dir='ltr' id='par_1_10' title="bbox 634 4172 2187 4245">
     <span class='ocr_line' id='line_1_37' title="bbox 634 4172 2187 4245; baseline 0 -16"><span class='ocrx_word' id='word_1_263' title='bbox 634 4172 1252 4245; x_wconf 78' lang='lat' dir='ltr'>¹)Liv.per.LXV111.</span> <span class='ocrx_word' id='word_1_264' title='bbox 1324 4173 1370 4243; x_wconf 77' lang='lat'>2)</span> <span class='ocrx_word' id='word_1_265' title='bbox 1405 4175 1468 4240; x_wconf 90' lang='lat' dir='ltr'>V,</span> <span class='ocrx_word' id='word_1_266' title='bbox 1508 4175 1586 4230; x_wconf 81' lang='lat'>17.</span> <span class='ocrx_word' id='word_1_267' title='bbox 1663 4173 1704 4243; x_wconf 74' lang='lat'>⁸)</span> <span class='ocrx_word' id='word_1_268' title='bbox 1738 4175 1884 4229; x_wconf 52' lang='lat' dir='ltr'>Pius</span> <span class='ocrx_word' id='word_1_269' title='bbox 1920 4177 2068 4229; x_wconf 77' lang='lat' dir='ltr'>Rom.</span> <span class='ocrx_word' id='word_1_270' title='bbox 2105 4175 2187 4229; x_wconf 79' lang='lat'>22.</span> 
     </span>
    </p>
   </div>
  </div>
 </body>
</html>
