3117 4925
1521 394 1603 457 14

509 593 849 677 collegium
894 596 1164 662 consilia
1206 597 1374 663 inter
1424 615 1493 664 se
1547 597 2041 679 consociaverit,
2104 603 2177 662 ut
2220 597 2607 682 Caepionem

506 696 742 780 populo
795 697 1098 782 invisum,
1162 700 1347 766 bonis
1391 700 1641 767 civibus
1684 707 1835 765 tunc
1879 700 1991 765 vix
2034 694 2389 783 defensum,
2454 718 2607 783 quo-

506 799 714 865 minus
776 802 921 885 plus
983 810 1240 869 noceret
1297 804 1578 889 patriae,
1651 802 2006 888 impediret.
2112 804 2280 868 Nam
2322 804 2607 887 Langius

507 920 756 985 quoque
801 922 945 969 cum
990 906 1270 972 secundo
1315 907 1767 989 antiquitatum
1812 908 2243 971 Romanarum
2284 905 2607 971 volumine

505 1003 957 1073 Ciceronianos
994 1007 1074 1074 de
1093 1008 1162 1074 C.
1183 1009 1484 1076 Norbano
1504 1010 1709 1075 Bulbo
1745 1011 1920 1075 locos
1933 1009 1981 1093 ¹)
2016 1010 2142 1074 huc
2177 1012 2541 1092 rettulisset,
2555 1008 2603 1091 ²)

503 1108 688 1174 tertio
733 1110 1054 1177 volumine
1075 1110 1124 1195 ⁸)
1168 1132 1236 1178 re
1281 1134 1321 1178 a
1365 1114 1758 1179 Mommseno
1814 1112 2092 1178 dilucide
2132 1112 2425 1195 exposita
2466 1130 2600 1177 rec·

505 1212 748 1277 tissime
811 1212 891 1277 de
954 1216 1272 1281 sententia
1324 1236 1443 1281 sua
1497 1214 1759 1281 destitit.
1850 1215 2087 1281 Verum
2138 1213 2359 1283 dubito
2413 1214 2601 1279 vehe-

503 1320 764 1397 menter,
802 1336 954 1381 num
991 1314 1126 1383 iure
1162 1318 1592 1383 Mommsenus
1628 1318 1883 1383 Livium
1901 1318 1955 1399 4)
1994 1325 2249 1383 secutus
2285 1318 2416 1384 iam
2452 1324 2603 1383 tunc

503 1415 673 1481 bona
709 1416 1050 1504 Caepionis
1085 1420 1413 1504 publicata
1447 1421 1761 1503 opinetur.
1835 1421 2057 1503 Neque
2095 1421 2263 1484 enim
2296 1440 2597 1503 unquam,

505 1518 678 1600 quod
725 1521 953 1604 sciam,
1017 1522 1083 1587 in
1137 1522 1468 1606 republica
1511 1524 1803 1588 Romana
1846 1523 2088 1587 factum
2132 1529 2257 1607 est,
2322 1529 2391 1587 ut
2434 1524 2603 1589 bona

502 1622 666 1704 eius,
731 1624 836 1689 cui
877 1624 947 1689 in
991 1624 1253 1714 civitate
1297 1644 1438 1691 esse
1481 1624 1747 1708 licebat,
1803 1620 2311 1711 publicarentur3
2374 1626 2489 1691 sed
2531 1624 2601 1690 id

501 1725 654 1790 solis
699 1734 810 1791 aut
853 1727 1144 1810 mortuis,
1189 1728 1364 1793 velut
1407 1727 1476 1793 C.
1525 1728 1845 1811 Graccho,
1893 1732 2005 1793 aut
2050 1728 2131 1793 iis
2176 1726 2445 1811 accidit,
2492 1729 2602 1810 qui

499 1829 603 1893 vel
641 1828 928 1893 damnati
961 1829 1066 1894 vel
1101 1850 1182 1895 ne
1219 1828 1673 1897 damnarentur
1708 1831 1899 1897 veriti
1935 1851 2016 1896 ex
2048 1830 2206 1895 urbe
2232 1830 2297 1894 in
2336 1830 2599 1895 exilium

501 1933 1102 2015 commigraverant,
1168 1938 1237 1998 ut
1282 1933 1575 1999 Ciceroni
1638 1934 1809 2014 aliis,
1876 1934 2140 1997 minime
2194 1932 2303 2014 iis,
2370 1932 2601 2014 quibus

497 2034 692 2097 etiam
736 2035 800 2097 in
857 2042 1082 2099 senatu
1140 2055 1280 2101 esse
1325 2036 1522 2100 licuit.
1616 2036 1827 2113 Quare
1872 2035 2167 2116 equidem
2210 2035 2528 2119 Langium
2546 2034 2598 2117 ⁵)

499 2126 756 2201 secutus
799 2136 1156 2219 putaverim
1201 2144 1336 2201 tum
1372 2138 1646 2220 demum,
1694 2156 1837 2202 cum
1871 2138 1939 2201 in
1976 2137 2350 2218 quaestione
2387 2142 2595 2202 extra-

499 2236 823 2302 ordinaria
851 2238 1080 2323 capitis
1111 2239 1452 2304 damnatus
1481 2241 1548 2304 in
1577 2240 1837 2303 exilium
1874 2240 2228 2321 migrasset,
2267 2238 2374 2303 ve}
2406 2229 2618 2303 etiam'

405 2390 408 2397 .
499 2340 688 2404 simul
735 2360 879 2406 cum
923 2340 1360 2423 damnatione,
1423 2348 1494 2406 ut
1548 2341 1688 2406 auri
1732 2340 2038 2407 Tolosani
2083 2339 2387 2404 damnum
2430 2361 2597 2404 com-

499 2449 888 2528 pensaretur,
934 2444 1104 2510 bona
1141 2443 1482 2528 Caepionis
1528 2465 1669 2511 esse
1706 2443 2050 2530 publicata.
2124 2442 2349 2508 Facile
2385 2448 2597 2508 autem

497 2546 644 2612 fieri·
677 2549 902 2632 potuit,
950 2553 1020 2612 ut
1062 2546 1140 2612 in'
1166 2547 1335 2613 Livii
1369 2547 1673 2631 periocha
1718 2547 1927 2612 causis
1974 2545 2242 2611 diversis
2287 2545 2355 2609 in
2398 2565 2592 2610 unam

499 2651 842 2715 contractis
889 2657 1026 2716 tota
1071 2671 1168 2715 res
1214 2672 1339 2716 non
1386 2651 1544 2716 satis
1589 2650 1845 2716 definite
1889 2655 2328 2732 exponeretur.

667 2751 893 2817 Fuisse
931 2759 1146 2817 autem
1181 2753 1491 2836 abrogato
1528 2753 1659 2817 iarn
1693 2752 1959 2834 imperio
1988 2751 2053 2814 in
2084 2755 2309 2814 senatu
2330 2749 2595 2832 Caepio·

497 2875 640 2920 nem
664 2855 844 2919 testis
865 2861 961 2920 est
978 2855 1292 2919 Asconius
1310 2853 1651 2920 Pedianus.
1693 2853 1817 2930 Qui
1836 2851 2287 2916 animadvertit
2303 2847 2351 2932 ⁶)
2362 2849 2433 2914 L.
2446 2847 2599 2915 Cas-

498 2959 661 3022 sium
691 2958 1069 3042 Longinum,
1109 2979 1276 3024 anno
1314 2941 1401 3048 9ξὲ-
1419 2957 1744 3022 tribunum
1778 2955 2004 3040 plebis,
2050 2955 2259 3038 legem
2294 2952 2601 3018 adversus

499 3060 882 3144 Caepionem
947 3061 1196 3144 tulisse,
1266 3012 1337 3127 ut
1398 3081 1587 3142 quem
1648 3059 1921 3143 populus
1985 3057 2355 3122 damnasset
2416 3055 2599 3121 cuive

497 3163 832 3246 imperium
894 3166 1292 3248 abrogasset,
1357 3164 1425 3228 in
1487 3170 1713 3228 senatu
1776 3182 1904 3227 non
1965 3166 2151 3226 esset.
2242 3159 2595 3224 Videbatur
2671 3181 2673 3183 ’

497 3267 666 3332 enim
721 3274 1241 3350 consentaneum,
1308 3287 1496 3350 quem
1553 3257 1874 3348 suffragiis
1926 3263 2201 3347 populus
2252 3260 2599 3326 honoribus

497 3369 846 3453 largiendis
893 3369 1116 3435 ordine
1161 3369 1484 3435 senatorio
1523 3368 1823 3452 dignatus
1861 3372 2049 3448 esset,
2096 3364 2367 3430 eundem
2402 3363 2596 3429 hono-

496 3473 671 3538 ribus
716 3472 1048 3557 indignum
1095 3472 1447 3538 iudicatum
1491 3493 1573 3538 ne
1616 3473 1684 3536 in
1729 3477 1955 3536 senatu
1995 3467 2251 3550 quidem
2290 3467 2420 3530 iam
2456 3486 2597 3531 esse

497 3597 703 3660 posse.

665 3679 890 3762 Neque
933 3699 1083 3744 vero
1129 3677 1286 3744 satis
1327 3678 1653 3743 habebant
1704 3675 1941 3740 tribuni
1996 3673 2318 3737 hominem
2360 3669 2596 3754 populo

493 3789 752 3866 propter
796 3781 999 3848 cladis
1043 3782 1459 3867 ignominiam
1505 3780 1808 3860 invisum,
1874 3775 2083 3841 ordini
2124 3793 2275 3840 vero
2321 3772 2599 3856 equestri

669 3971 712 4038 ¹)
751 3969 857 4023 Cic.
904 3969 968 4023 de
1014 3986 1085 4023 or.
1121 3969 1188 4034 ῙῙ,
1233 3970 1318 4034 21,
1357 3969 1439 4033 89,
1475 3968 1558 4030 39,
1603 3966 1713 4030 164,
1750 3966 1831 4028 40,
1872 3963 1996 4026 167;
2049 3965 2130 4027 47,
2172 3963 2294 4026 1973
2346 3962 2482 4028 part.
2521 3977 2595 4014 or.

494 4055 576 4118 30,
617 4056 728 4110 104.
796 4053 878 4125 κ’)
915 4073 964 4124 p.
1007 4056 1122 4110 660.
1231 4054 1363 4123 8γρ.
1402 4055 1482 4109 66.
1590 4049 2031 4122 ⁴)per.1.xvn.

666 4142 710 4212 ὅ)
747 4143 898 4196 Rom.
936 4141 1301 4196 Alterthiimer
1335 4140 1414 4194 111
1447 4157 1498 4208 p.
1537 4141 1621 4194 69.
1693 4139 1738 4208 ⁶)
1775 4138 1829 4190 in
1869 4135 2075 4191 Cornel.
2120 4123 2207 4188 783-
