3117 4925
1519 384 1608 449 25

510 592 765 657 Livium
824 590 1000 656 domi
1060 609 1219 656 snae
1270 589 1339 655 in
1388 590 1555 657 atrio
1613 590 1894 656 oeeisnm
1947 588 2234 654 tradunt:
2297 587 2390 654 ibi
2455 587 2628 654 enim

508 694 825 760 maiorum
878 692 1209 778 patrisque
1259 691 1574 775 imagines
1627 691 2017 759 constitutae
2057 697 2265 772 erant3
2329 689 2628 758 dissentit

504 797 597 862 ab
656 797 741 861 iis
808 795 923 877 qui
990 795 1059 858 in
1130 794 1379 878 porticu
1458 794 1650 862 domo
1719 813 1878 860 suae
1949 793 2164 860 vicina
2225 792 2626 858 vulneratum

514 905 801 964 narrant.
822 899 875 980 1)
1685 882 1693 890 ’

686 998 918 1065 Occiso
951 999 1136 1065 Livio
1177 1019 1325 1066 eum
1370 999 1531 1065 socii
1575 1005 1932 1084 composito
1967 997 2240 1064 consilio
2276 1017 2390 1081 per
2425 1003 2627 1064 totam

510 1103 767 1167 Italiam
825 1101 1061 1168 bellum
1116 1103 1492 1183 movissent,
1556 1102 1798 1167 Romae
1849 1098 2332 1166 crudelissimae
2385 1097 2466 1164 de
2521 1099 2620 1182 iis,

507 1204 624 1286 qni
666 1203 798 1286 legi
840 1202 922 1268 de
966 1203 1227 1270 civitate
1270 1203 1489 1270 danda
1540 1203 1734 1270 sociis
1788 1202 2108 1283 faverant,
2177 1201 2436 1266 habitae
2477 1207 2628 1266 sunt

504 1306 937 1388 quaestiones,
1026 1305 1102 1384 Q.
1150 1306 1323 1372 enim
1374 1305 1698 1389 Caepione
1751 1303 1976 1376 eodem
2029 1303 2143 1385 qui
2196 1303 2412 1386 paullo
2475 1309 2628 1370 ante

511 1408 861 1474 Saturnino
906 1407 1285 1474 adversatus
1330 1414 1488 1490 erat,
1535 1408 1816 1473 maxime
1859 1414 2120 1474 auctore
2155 1413 2348 1488 atque
2383 1405 2622 1472 machi-

500 1517 733 1576 nator-e
778 1526 923 1576 cum
966 1511 1173 1576 omnis
1228 1510 1383 1577 ordo
1436 1515 1761 1592 equester,
1827 1530 1952 1591 quo
2007 1509 2330 1576 ferebatur
2371 1508 2440 1572 in
2483 1507 2622 1575 fau-

514 1619 687 1678 tores
729 1613 895 1696 legis
939 1612 1315 1680 iudiciariae
1360 1612 1527 1695 odio,
1575 1612 1644 1680 vi
1687 1612 2011 1694 armisque
2045 1610 2289 1676 auxilio
2325 1610 2624 1692 venisset,

502 1715 587 1793 Q.
637 1715 865 1780 Varius
910 1714 1205 1799 Hybrida
1248 1716 1543 1782 tribunus
1586 1716 1820 1799 plebis,
1888 1725 2128 1787 „vastus
2177 1715 2371 1788 homo,
2416 1716 2521 1776 sed
2562 1717 2627 1778 in

500 1822 759 1884 --dieendo
806 1818 993 1905 fortis
1040 1831 1229 1905 ‘actor
1286 1830 1343 1884 et
1410 1819 1710 1884 vehemens
1771 1830 1827 1884 et
1885 1818 2072 1880 verbis
2131 1839 2234 1880 nee
2291 1820 2466 1903 inops
2525 1839 2628 1880 nec

502 1921 827 1993 abiectus&
849 1921 897 2001 ²)
942 1919 1219 2002 primum
1263 1920 1475 2003 legem
1516 1920 1797 2004 pertulit,
1844 1925 1915 1984 ut
1959 1924 2370 2000 quaereretur
2403 1916 2486 1983 de
2519 1917 2621 2000 iis,

510 2041 777 2103 qnorum
840 2042 961 2104 ope
1014 2021 1361 2088 consiliove
1416 2023 1578 2088 socii
1639 2029 1862 2088 contra
1915 2019 2220 2104 populum
2265 2021 2624 2086 Romanum

502 2145 691 2188 arma
734 2125 1127 2205 sumsissent,
1172 2123 1405 2190 deinde
1449 2125 1678 2207 effecit,
1725 2132 1796 2190 ut
1838 2148 2004 2198 „una
2037 2125 2158 2209 leye
2193 2147 2304 2186 sua
2337 2126 2622 2188 iudicium

500 2239 897 2300 exercerem,
942 2231 1145 2292 ceteris
1187 2240 1438 2314 propter
1480 2229 1694 2293 bellum
1734 2229 2143 2292 intermissis&
2229 2226 2368 2290 Hoc
2427 2225 2628 2310 igitur

509 2329 817 2394 iudicium
850 2337 1157 2410 tanquam
1194 2349 1459 2412 campus
1488 2349 1630 2396 esse
1657 2329 1912 2396 videtur
1943 2327 2379 2412 exemplorum
2399 2327 2618 2394 Corni-

510 2431 903 2512 ficianorum‚
951 2451 1215 2514 quornm
1252 2431 1454 2497 multa
1488 2443 1732 2500 certum
1767 2439 1866 2499 est
1901 2431 2030 2497 huc
2063 2437 2374 2514 spectare,
2420 2431 2622 2498 multa

504 2534 634 2599 etsi
676 2534 825 2599 aliis
866 2534 1261 2617 temporibus
1296 2541 1566 2619 possunt
1601 2534 1942 2617 assignari,
1989 2541 2206 2598 tamen
2241 2534 2378 2597 veri
2415 2533 2624 2599 simile

512 2642 609 2701 est
642 2637 765 2701 huc
800 2636 1143 2718 pertinere:
1192 2656 1307 2702 nos
1342 2635 1422 2701 de
1456 2636 1592 2702 illis
1627 2638 1786 2704 satis
1822 2636 2201 2703 habebimus
2237 2634 2619 2719 disputasse.

512 2738 973 2803 Insimulantur
1023 2737 1345 2821 principes
1399 2739 1496 2803 illi
1544 2739 1902 2806 nobilitatis
1960 2739 2292 2824 accepisse
2345 2758 2386 2801 a
2431 2736 2624 2801 sociis

510 2841 849 2925 pecuniam
886 2840 1016 2924 (IV,
1058 2842 1159 2923 27,
1198 2840 1331 2923 37),
1370 2842 1648 2925 patriam
1681 2843 1972 2910 hostibus
2007 2841 2326 2924 cogitasse
2353 2839 2624 2923 prodere

506 2943 643 3024 (IV,
682 2943 743 3022 8,
787 2944 913 3025 12).
988 2942 1131 3019 Qua
1176 2964 1289 3026 spe
1332 2944 1529 3009 fretos
1571 2946 1802 3027 socios,
1849 2958 1996 3009 curn
2036 2945 2236 3009 multo
2275 2942 2620 3009 maximam

508 3051 760 3127 partem
794 3044 1111 3111 sociorum
1144 3044 1213 3109 in
1248 3044 1459 3111 officio
1495 3067 1756 3113 manere
1789 3046 2118 3128 vidissent,
2167 3066 2314 3111 cum
2353 3046 2620 3114 tantulis

511 3146 755 3213 viribus
814 3147 1151 3232 imperium
1190 3147 1385 3214 *orbis
1438 3154 1646 3215 terrae
1699 3150 1786 3218 ad
1837 3170 1910 3217 se
1959 3149 2305 3216 transferre
2361 3154 2623 3213 conatos

509 3270 681 3331 esse,
719 3270 847 3315 non
882 3249 1283 3317 immemores
1318 3251 1844 3333 Fregellanorum
1879 3251 2283 3331 calamitatis
2328 3251 2444 3333 qui
2477 3271 2623 3317 cum

506 3372 633 3417 sua
668 3358 893 3435 sponte
932 3352 1069 3416 sine
1104 3359 1369 3417 externa
1400 3372 1515 3436 spe
1542 3353 1882 3421 auxiliisve
1908 3355 2148 3421 bellum
2173 3354 2620 3436 concitassent,

514 3453 853 3519 miserrimi
895 3453 1341 3521 discessissent
1384 3455 1519 3537 (lv,
1558 3458 1619 3537 9,
1661 3458 1759 3521 13.
1783 3457 1836 3539 ³)
1927 3456 2144 3535 Quare
2193 3456 2442 3521 iudices
2492 3476 2621 3537 eos,

507 3557 627 3638 qui
669 3569 937 3630 „montes
978 3559 1115 3623 belli
1141 3558 1440 3645 fabricati
1480 3572 1683 3632 essent,
1728 3584 1970 3647 campos
2003 3561 2366 3625 suendismt
2389 3562 2622 3645 pamis‘ss

516 3659 901 3742 praecipites
947 3662 1395 3745 proturbarent
1428 3680 1511 3727 ex
1544 3682 1624 3727 ea
1660 3661 1940 3744 civitate,
1987 3680 2181 3745 quam
2214 3660 2312 3725 illi
2346 3660 2622 3727 hostium

509 3761 1067 3841 spurcissimorum
1102 3763 1433 3831 dominatu
1467 3764 1820 3831 voluissent
1853 3766 2121 3831 obruere
2159 3800 2240 3811 --
2267 3769 2334 3831 et
2367 3763 2620 3831 similia.

513 3860 740 3942 Neque
774 3882 927 3927 vero
962 3864 1197 3931 iniuria
1233 3866 1357 3931 hae
1390 3866 1703 3933 nobilium
1736 3868 2034 3949 virorum,
2073 3868 2422 3937 amicorum
2453 3866 2623 3933 Livii

517 3962 742 4045 Drusi,
818 3964 1293 4033 criminationes
1354 3967 1731 4051 iudiciaque
1780 3968 1917 4033 fieri
1979 3968 2387 4051 videbantur3
2461 3970 2622 4036 satis

690 4100 734 4165 ¹)
769 4102 908 4169 App.
943 4100 996 4155 b.
1034 4115 1075 4153 c.
1112 4100 1155 4164 1,
1183 4102 1267 4155 36.
1338 4098 1384 4168 ¹)
1422 4101 1531 4155 Cic.
1567 4101 1716 4157 Brut.
1755 4103 1836 4166 62,
1873 4103 1990 4158 221.

690 4184 735 4253 ³)
771 4187 838 4242 of.
874 4185 967 4249 lv,
1008 4187 1086 4249 11,
1125 4187 1211 4249 16;
1249 4188 1331 4251 27,
1365 4186 1449 4242 37.
